order_id,retailer_id,product_id,quantity,price,order_ts
1,59,811,1,28.52,2024-10-27T23:06:52.820455
2,181,1029,1,54.1,2024-10-26T03:07:01.820455
3,317,1029,3,54.1,2024-10-07T16:43:42.820455
4,417,399,1,30.22,2024-12-03T21:16:35.820455
5,471,345,1,22.72,2024-11-28T08:49:10.820455
6,303,1113,1,66.42,2024-10-17T13:31:57.820455
6,303,1047,1,55.8,2024-10-17T13:31:57.820455
7,345,359,1,42.87,2024-10-07T15:19:25.820455
8,161,1704,1,80.46,2025-06-20T14:44:17.820455
9,123,1903,1,84.65,2024-10-07T21:33:55.820455
10,60,189,1,16.82,2025-01-09T17:06:41.820455
11,192,1291,1,45.19,2024-10-26T15:35:37.820455
12,262,1740,1,130.12,2024-10-03T00:35:25.820455
12,262,1229,1,71.6,2024-10-03T00:35:25.820455
13,215,1414,1,187.17,2024-12-28T08:09:43.820455
14,71,822,1,102.26,2025-01-17T07:22:29.820455
14,71,1667,1,14.89,2025-01-17T07:22:29.820455
15,197,1664,1,20.36,2024-10-10T01:50:57.820455
16,96,1583,1,14.69,2024-11-16T04:09:57.820455
17,326,1262,3,35.19,2024-09-27T06:00:44.820455
18,356,349,1,18.64,2024-10-15T09:56:24.820455
19,477,334,1,19.26,2024-10-15T16:45:15.820455
19,477,1184,1,9.43,2024-10-15T16:45:15.820455
20,285,550,1,20.43,2024-10-25T16:31:20.820455
21,251,1550,1,88.37,2025-04-11T20:57:47.820455
22,72,1558,1,17.42,2024-09-30T17:15:32.820455
23,162,983,1,15.28,2024-11-20T02:52:02.820455
24,318,1391,1,47.85,2024-11-03T12:23:55.820455
25,444,755,1,15.49,2024-10-20T23:31:08.820455
26,488,1895,1,30.86,2024-11-20T10:47:45.820455
26,488,911,1,25.89,2024-11-20T10:47:45.820455
27,249,1389,1,33.97,2024-10-03T15:25:04.820455
27,249,1463,1,28.02,2024-10-03T15:25:04.820455
27,249,43,1,30.19,2024-10-03T15:25:04.820455
28,100,260,1,61.54,2025-06-09T00:25:33.820455
29,494,1845,1,37.63,2024-10-13T06:53:36.820455
29,494,444,1,30.84,2024-10-13T06:53:36.820455
29,494,1391,1,47.85,2024-10-13T06:53:36.820455
30,259,77,1,35.5,2024-10-17T10:13:28.820455
31,254,705,1,9.53,2024-11-09T01:20:35.820455
32,351,1322,1,50.59,2024-10-02T04:21:00.820455
33,213,1527,1,149.56,2024-10-08T02:36:25.820455
34,251,675,1,10.74,2024-12-01T16:32:11.820455
34,251,478,1,42.48,2024-12-01T16:32:11.820455
35,43,817,1,41.0,2024-12-22T07:01:56.820455
36,16,1886,1,41.44,2024-11-11T18:28:34.820455
36,16,469,1,21.66,2024-11-11T18:28:34.820455
37,150,1642,1,102.49,2024-09-28T11:38:14.820455
38,141,1105,1,80.36,2024-11-15T18:37:59.820455
39,276,350,1,27.92,2025-01-10T20:57:25.820455
40,87,1982,1,10.98,2024-11-02T03:05:51.820455
41,290,1855,2,73.73,2024-12-27T04:28:50.820455
42,282,1900,1,26.14,2024-10-10T05:02:41.820455
43,58,242,1,30.21,2024-10-26T07:17:55.820455
44,59,38,1,6.91,2024-12-02T20:12:01.820455
45,397,535,1,19.66,2024-12-07T06:13:15.820455
46,422,1179,1,15.02,2024-10-10T23:48:14.820455
47,278,1874,1,61.79,2024-11-17T11:57:42.820455
48,390,1451,1,42.4,2024-12-11T02:30:59.820455
49,280,1275,1,87.4,2024-12-30T18:24:13.820455
50,218,612,1,31.68,2024-10-06T14:10:32.820455
50,218,840,1,27.91,2024-10-06T14:10:32.820455
51,377,1765,1,27.2,2024-09-30T10:14:47.820455
52,385,1596,1,14.76,2024-11-07T19:27:33.820455
52,385,563,1,66.48,2024-11-07T19:27:33.820455
53,153,875,1,32.25,2024-10-15T11:37:13.820455
53,153,862,1,9.85,2024-10-15T11:37:13.820455
54,231,1615,1,28.66,2024-10-07T20:00:56.820455
55,179,458,1,14.47,2024-11-13T13:36:50.820455
55,179,977,1,23.06,2024-11-13T13:36:50.820455
56,225,1027,1,34.14,2024-10-23T14:43:15.820455
57,398,1074,1,11.87,2025-02-08T19:04:25.820455
57,398,1017,1,19.67,2025-02-08T19:04:25.820455
58,108,1862,1,63.35,2024-11-13T07:51:09.820455
58,108,201,1,44.09,2024-11-13T07:51:09.820455
59,353,970,2,10.54,2024-11-06T23:12:46.820455
59,353,558,1,23.43,2024-11-06T23:12:46.820455
59,353,513,1,27.35,2024-11-06T23:12:46.820455
60,441,489,1,127.7,2024-11-04T08:39:57.820455
60,441,645,1,27.21,2024-11-04T08:39:57.820455
61,324,1242,1,28.14,2025-01-06T02:02:09.820455
62,85,1336,1,25.29,2024-10-03T08:52:49.820455
63,72,554,1,40.59,2025-01-18T17:58:11.820455
64,417,953,2,12.17,2024-10-11T17:58:53.820455
65,413,1134,1,47.6,2024-11-12T12:36:29.820455
66,292,1220,1,184.22,2024-10-18T23:13:11.820455
67,273,773,1,54.92,2024-10-23T20:40:51.820455
67,273,1860,1,40.78,2024-10-23T20:40:51.820455
68,306,1664,1,20.36,2024-10-10T06:03:46.820455
69,87,1934,1,30.42,2024-10-13T22:13:50.820455
70,361,241,1,17.57,2024-12-18T21:06:05.820455
70,361,1521,2,87.96,2024-12-18T21:06:05.820455
71,149,298,1,42.34,2024-09-28T07:17:58.820455
71,149,1679,1,73.6,2024-09-28T07:17:58.820455
71,149,1786,1,10.32,2024-09-28T07:17:58.820455
72,137,1845,1,37.63,2024-11-22T05:10:34.820455
73,461,1841,1,29.88,2025-07-13T13:54:50.820455
74,70,549,1,44.56,2025-02-10T01:25:57.820455
75,471,1680,1,23.45,2024-11-27T12:36:19.820455
76,142,1742,1,28.93,2024-09-27T10:19:38.820455
77,65,856,1,20.98,2024-12-01T15:16:41.820455
78,128,1423,1,24.73,2025-01-09T15:46:17.820455
79,365,1316,1,11.59,2024-10-05T22:10:26.820455
80,425,982,1,46.54,2024-10-23T19:27:36.820455
81,390,58,1,25.86,2025-03-21T00:44:41.820455
82,251,209,1,50.0,2024-12-09T15:37:23.820455
82,251,1222,1,42.43,2024-12-09T15:37:23.820455
82,251,1364,1,15.2,2024-12-09T15:37:23.820455
83,296,1601,1,28.61,2024-11-12T09:28:19.820455
84,138,346,1,39.87,2024-11-15T09:18:17.820455
84,138,1876,1,101.14,2024-11-15T09:18:17.820455
84,138,5,1,27.46,2024-11-15T09:18:17.820455
85,213,278,1,20.49,2024-10-21T00:06:23.820455
85,213,87,1,68.88,2024-10-21T00:06:23.820455
86,232,650,1,57.8,2024-11-12T13:11:47.820455
87,325,1051,1,20.08,2024-10-26T13:50:11.820455
87,325,1018,1,22.49,2024-10-26T13:50:11.820455
87,325,1790,1,96.77,2024-10-26T13:50:11.820455
88,207,1031,1,26.95,2024-10-23T05:13:11.820455
88,207,1445,1,45.59,2024-10-23T05:13:11.820455
89,384,739,3,125.51,2024-11-06T20:34:36.820455
90,356,1180,1,13.7,2024-10-04T23:53:03.820455
90,356,1058,1,84.62,2024-10-04T23:53:03.820455
91,233,1220,1,184.22,2024-10-12T04:12:57.820455
92,168,1803,1,18.79,2024-10-14T07:38:07.820455
93,2,304,1,53.96,2024-11-09T13:50:17.820455
93,2,1731,2,27.69,2024-11-09T13:50:17.820455
93,2,199,1,34.69,2024-11-09T13:50:17.820455
94,375,1564,1,67.17,2024-11-17T03:08:18.820455
95,326,830,1,26.43,2024-10-14T23:29:21.820455
95,326,1979,1,17.84,2024-10-14T23:29:21.820455
96,436,982,1,46.54,2024-10-30T12:45:09.820455
96,436,431,1,12.85,2024-10-30T12:45:09.820455
97,408,1212,1,19.02,2025-04-16T05:54:17.820455
97,408,1137,1,85.76,2025-04-16T05:54:17.820455
98,204,991,1,39.12,2024-09-26T18:22:40.820455
99,496,319,1,42.92,2024-09-28T02:05:23.820455
100,423,1149,1,118.58,2024-10-17T18:09:36.820455
101,254,941,1,11.89,2024-10-25T20:13:26.820455
102,166,879,1,32.68,2025-01-23T20:46:20.820455
103,173,1241,1,24.45,2024-12-09T06:22:26.820455
104,296,1264,1,15.85,2024-10-07T15:12:06.820455
105,290,1761,1,122.97,2024-09-28T04:07:03.820455
106,404,78,1,26.07,2024-11-11T22:57:43.820455
107,458,902,1,24.18,2024-11-08T12:12:34.820455
108,24,623,2,149.25,2025-02-06T14:04:20.820455
108,24,1149,1,118.58,2025-02-06T14:04:20.820455
109,321,657,1,33.49,2025-03-14T03:10:47.820455
110,9,325,1,14.81,2024-10-21T14:58:13.820455
111,476,1242,1,28.14,2025-05-09T16:11:56.820455
111,476,158,1,48.38,2025-05-09T16:11:56.820455
112,226,1187,1,15.09,2024-10-16T03:04:05.820455
113,1,556,1,23.82,2024-11-03T02:01:21.820455
114,104,1673,1,24.21,2024-10-08T15:14:59.820455
114,104,1251,1,43.15,2024-10-08T15:14:59.820455
115,452,933,2,10.4,2024-12-25T10:06:45.820455
115,452,1625,1,148.21,2024-12-25T10:06:45.820455
115,452,995,2,14.86,2024-12-25T10:06:45.820455
116,155,871,1,28.74,2024-10-13T16:14:06.820455
117,448,79,1,35.64,2024-09-30T20:25:25.820455
118,48,1098,1,6.7,2024-11-14T10:16:47.820455
119,185,696,1,25.85,2024-12-31T19:33:48.820455
119,185,236,2,54.99,2024-12-31T19:33:48.820455
120,43,1589,1,17.08,2024-10-09T23:59:07.820455
121,341,804,2,22.88,2024-11-18T10:04:23.820455
122,85,1612,1,9.48,2024-11-09T12:19:56.820455
123,203,1920,1,22.7,2024-10-18T09:13:28.820455
124,157,1859,1,41.72,2024-11-30T18:58:18.820455
125,220,1038,1,10.26,2024-11-27T10:18:44.820455
126,47,1683,1,16.07,2024-10-17T13:54:44.820455
127,1,939,1,40.25,2024-09-27T18:13:02.820455
127,1,1931,1,12.38,2024-09-27T18:13:02.820455
128,245,1672,1,24.69,2024-10-02T13:17:04.820455
129,68,804,1,22.88,2024-12-21T08:03:43.820455
130,116,439,1,8.48,2025-01-10T05:21:33.820455
130,116,1451,1,42.4,2025-01-10T05:21:33.820455
131,349,756,1,272.03,2024-10-09T02:39:04.820455
131,349,864,1,139.31,2024-10-09T02:39:04.820455
131,349,980,2,60.85,2024-10-09T02:39:04.820455
132,5,502,1,152.56,2024-10-08T10:44:25.820455
133,357,317,1,57.14,2024-11-04T22:57:21.820455
134,419,1883,1,12.34,2025-04-30T14:50:15.820455
134,419,1550,1,88.37,2025-04-30T14:50:15.820455
134,419,888,1,24.84,2025-04-30T14:50:15.820455
135,441,656,2,34.72,2024-11-06T01:49:22.820455
136,356,480,1,81.1,2024-09-27T15:15:33.820455
137,245,1303,1,28.79,2024-11-23T13:01:32.820455
138,118,1162,1,207.01,2024-10-09T00:23:38.820455
139,46,1532,1,8.05,2024-10-31T14:10:34.820455
140,53,1695,1,36.64,2025-01-13T21:51:20.820455
141,189,1980,1,45.86,2024-09-30T21:20:32.820455
141,189,1249,1,39.93,2024-09-30T21:20:32.820455
141,189,1894,1,30.34,2024-09-30T21:20:32.820455
142,71,604,1,97.96,2024-11-25T00:22:53.820455
143,397,1625,1,148.21,2024-09-26T15:17:40.820455
144,329,1007,1,67.77,2024-10-22T15:38:53.820455
145,36,1855,1,73.73,2025-03-01T05:45:43.820455
145,36,355,1,32.62,2025-03-01T05:45:43.820455
145,36,825,1,23.19,2025-03-01T05:45:43.820455
146,289,1766,1,16.87,2024-10-14T10:45:19.820455
147,313,1532,2,8.05,2024-12-20T10:06:48.820455
148,85,757,1,49.14,2024-10-01T02:28:13.820455
149,180,940,1,21.09,2024-10-13T18:12:14.820455
149,180,8,1,61.19,2024-10-13T18:12:14.820455
150,322,825,1,23.19,2024-10-02T15:57:29.820455
150,322,1468,1,45.41,2024-10-02T15:57:29.820455
151,471,1740,2,130.12,2024-10-07T01:26:12.820455
152,316,673,1,25.17,2024-09-30T02:33:13.820455
152,316,1130,1,43.08,2024-09-30T02:33:13.820455
153,441,1875,1,94.47,2024-12-18T18:21:23.820455
153,441,272,1,10.5,2024-12-18T18:21:23.820455
154,45,966,1,104.8,2024-10-15T14:06:17.820455
155,72,68,2,73.91,2024-10-21T14:55:51.820455
156,302,1502,1,21.31,2024-11-18T00:25:44.820455
157,180,860,2,54.95,2025-05-30T02:04:49.820455
157,180,1421,1,50.94,2025-05-30T02:04:49.820455
157,180,273,1,83.98,2025-05-30T02:04:49.820455
158,162,1476,1,55.62,2024-12-17T15:32:16.820455
159,127,1765,1,27.2,2024-10-05T20:31:51.820455
160,331,1635,1,25.33,2024-11-28T13:30:51.820455
160,331,1153,1,19.86,2024-11-28T13:30:51.820455
161,128,271,1,104.9,2024-10-31T06:35:43.820455
162,308,1483,1,131.84,2024-11-19T08:17:33.820455
162,308,913,1,40.43,2024-11-19T08:17:33.820455
163,370,1800,1,33.68,2024-10-01T08:34:07.820455
164,146,1755,1,49.85,2024-10-03T11:25:24.820455
164,146,522,1,51.15,2024-10-03T11:25:24.820455
165,435,762,1,36.51,2025-01-21T10:25:07.820455
166,449,290,1,20.12,2024-10-05T21:25:46.820455
167,106,1250,1,9.54,2024-10-30T05:17:51.820455
168,311,1808,1,49.75,2024-10-25T04:59:53.820455
169,97,1833,2,70.99,2024-10-12T00:42:36.820455
170,152,1026,1,46.95,2024-10-15T09:58:23.820455
171,28,362,1,112.86,2025-03-26T19:09:39.820455
172,254,706,1,53.77,2024-09-27T00:29:47.820455
173,58,1240,2,121.84,2024-10-25T19:13:28.820455
174,256,88,1,43.08,2024-10-14T09:40:43.820455
175,305,1079,1,110.01,2024-10-06T13:01:56.820455
176,271,1692,1,22.65,2024-09-29T10:53:10.820455
177,185,1052,1,45.45,2024-12-14T21:58:09.820455
178,68,1268,2,16.07,2024-12-16T00:31:52.820455
179,441,1281,1,36.85,2024-12-28T07:08:27.820455
180,216,1767,1,188.06,2024-11-09T23:45:04.820455
180,216,1585,1,46.67,2024-11-09T23:45:04.820455
181,280,254,1,75.64,2025-03-07T16:44:14.820455
182,391,962,1,95.9,2025-01-14T03:35:45.820455
183,489,914,1,116.98,2024-11-20T13:06:16.820455
184,9,1080,1,65.38,2025-01-20T07:49:55.820455
185,35,1014,1,19.08,2024-10-30T10:56:56.820455
186,135,1076,1,22.31,2024-10-18T18:18:06.820455
187,21,1411,1,95.83,2025-03-17T12:38:54.820455
188,486,206,1,15.64,2024-11-20T00:56:12.820455
189,260,225,1,22.7,2024-12-29T20:52:39.820455
190,322,212,1,82.14,2024-10-01T04:41:22.820455
191,393,1635,1,25.33,2025-03-02T01:34:20.820455
192,217,1619,1,23.55,2025-01-28T01:05:36.820455
193,43,12,1,22.81,2024-10-22T09:46:05.820455
193,43,290,1,20.12,2024-10-22T09:46:05.820455
194,275,1071,1,31.9,2024-10-21T06:01:20.820455
194,275,9,2,22.75,2024-10-21T06:01:20.820455
194,275,1853,1,12.74,2024-10-21T06:01:20.820455
195,316,1726,1,78.95,2024-11-15T16:00:21.820455
196,143,976,1,7.3,2025-03-15T13:29:26.820455
197,159,978,1,5.0,2024-10-03T13:19:26.820455
198,262,188,1,31.24,2024-11-01T17:50:42.820455
199,499,1812,1,37.24,2024-11-14T16:06:14.820455
200,275,180,1,291.82,2024-11-02T22:20:36.820455
201,201,496,1,50.96,2024-12-03T07:47:54.820455
201,201,28,1,44.73,2024-12-03T07:47:54.820455
202,325,808,1,22.58,2024-11-21T10:06:24.820455
202,325,1349,2,11.1,2024-11-21T10:06:24.820455
203,349,513,1,27.35,2024-11-01T09:51:48.820455
204,34,1294,1,64.77,2024-10-16T21:44:23.820455
205,358,139,1,63.49,2024-11-21T02:22:31.820455
205,358,423,1,27.14,2024-11-21T02:22:31.820455
206,374,1179,1,15.02,2024-10-05T19:08:07.820455
206,374,516,1,60.6,2024-10-05T19:08:07.820455
207,30,915,1,30.68,2025-02-14T19:20:53.820455
207,30,1133,1,120.42,2025-02-14T19:20:53.820455
208,45,1568,1,50.04,2024-10-10T02:15:57.820455
209,60,1065,1,24.78,2024-10-13T02:57:13.820455
210,314,133,1,14.16,2024-10-06T08:36:49.820455
210,314,1418,1,41.05,2024-10-06T08:36:49.820455
211,29,69,1,44.23,2024-10-19T21:42:28.820455
211,29,489,1,127.7,2024-10-19T21:42:28.820455
211,29,800,1,33.91,2024-10-19T21:42:28.820455
212,342,1675,1,120.58,2024-12-09T10:24:21.820455
213,380,381,1,16.92,2024-10-23T16:50:31.820455
213,380,233,2,34.35,2024-10-23T16:50:31.820455
214,62,290,1,20.12,2024-10-05T10:54:29.820455
215,363,82,1,44.07,2024-10-31T15:26:33.820455
216,360,1402,1,50.87,2024-12-31T10:51:36.820455
217,84,705,1,9.53,2024-10-10T04:31:14.820455
217,84,523,1,19.49,2024-10-10T04:31:14.820455
218,488,1752,1,56.96,2025-01-12T23:04:12.820455
218,488,1519,1,14.59,2025-01-12T23:04:12.820455
219,268,275,1,15.1,2024-11-02T05:16:42.820455
220,401,1258,1,46.3,2024-12-20T19:53:09.820455
221,86,1427,1,171.57,2024-10-16T23:59:10.820455
222,65,1882,1,120.6,2024-11-05T20:13:56.820455
223,376,513,1,27.35,2024-11-11T14:44:42.820455
224,395,1803,1,18.79,2024-11-21T11:30:56.820455
225,172,933,1,10.4,2024-11-04T02:04:41.820455
226,140,626,1,22.0,2025-02-07T05:31:11.820455
227,33,1692,1,22.65,2024-10-07T20:01:14.820455
228,365,1192,1,11.39,2024-10-15T07:26:31.820455
229,322,894,1,84.39,2024-11-03T13:15:10.820455
230,255,1095,1,59.51,2025-03-06T03:01:12.820455
231,262,110,1,31.2,2024-10-30T23:33:31.820455
232,29,592,1,22.6,2024-10-08T04:38:13.820455
233,440,1863,1,62.48,2024-12-31T07:05:11.820455
234,86,866,1,24.28,2025-05-08T23:50:02.820455
234,86,39,1,11.44,2025-05-08T23:50:02.820455
235,81,1811,1,22.5,2024-12-21T19:44:07.820455
236,396,1234,1,260.8,2024-10-19T14:11:36.820455
237,458,1147,1,13.78,2024-10-07T07:20:32.820455
238,346,1263,1,50.96,2024-10-01T14:38:46.820455
238,346,384,3,21.75,2024-10-01T14:38:46.820455
238,346,764,2,30.67,2024-10-01T14:38:46.820455
239,117,429,1,77.23,2024-11-01T04:58:21.820455
239,117,1671,2,27.35,2024-11-01T04:58:21.820455
240,2,596,2,22.02,2024-10-03T12:03:01.820455
240,2,1365,1,86.25,2024-10-03T12:03:01.820455
241,440,1062,1,5.0,2024-10-14T10:53:39.820455
241,440,1874,1,61.79,2024-10-14T10:53:39.820455
242,126,1574,1,11.19,2024-10-29T12:07:15.820455
243,242,1152,1,5.91,2024-11-24T23:41:56.820455
244,197,1184,2,9.43,2024-12-14T15:54:40.820455
245,92,874,1,18.45,2024-11-17T11:44:04.820455
246,284,1996,1,77.95,2024-09-28T10:19:13.820455
247,215,880,1,85.69,2025-01-18T18:37:16.820455
247,215,1187,1,15.09,2025-01-18T18:37:16.820455
248,165,1267,2,30.3,2024-12-09T19:29:09.820455
249,214,902,1,24.18,2024-11-10T22:05:43.820455
250,139,1606,1,15.45,2024-12-10T13:16:57.820455
250,139,1194,2,42.77,2024-12-10T13:16:57.820455
250,139,143,1,9.15,2024-12-10T13:16:57.820455
251,293,89,1,21.68,2024-11-26T00:01:13.820455
251,293,553,1,84.29,2024-11-26T00:01:13.820455
252,62,1475,1,17.67,2024-10-19T04:43:32.820455
253,345,72,1,113.34,2024-11-21T12:21:52.820455
254,92,1633,1,19.79,2024-11-29T18:34:22.820455
255,412,880,1,85.69,2024-11-03T05:13:32.820455
256,24,163,1,83.67,2024-09-29T01:02:39.820455
257,36,410,1,49.98,2025-01-07T03:22:49.820455
258,444,1436,1,41.52,2025-01-07T20:43:31.820455
258,444,1566,1,26.44,2025-01-07T20:43:31.820455
258,444,1583,1,14.69,2025-01-07T20:43:31.820455
259,397,1710,1,15.19,2024-11-21T21:45:32.820455
260,168,1335,1,37.3,2024-10-22T13:35:31.820455
261,284,277,1,38.83,2024-12-14T03:04:35.820455
262,5,379,1,190.92,2024-11-20T23:52:43.820455
263,103,20,2,10.7,2025-01-17T21:03:48.820455
263,103,40,1,38.76,2025-01-17T21:03:48.820455
263,103,295,1,44.06,2025-01-17T21:03:48.820455
264,289,1916,1,21.45,2024-10-06T21:30:43.820455
264,289,1316,1,11.59,2024-10-06T21:30:43.820455
265,379,417,1,114.54,2024-09-29T09:07:09.820455
266,125,1115,1,37.35,2024-10-02T03:20:16.820455
267,189,263,1,5.0,2025-03-28T07:59:23.820455
268,498,1687,1,22.84,2024-11-17T04:24:34.820455
269,396,1333,1,27.92,2024-10-09T17:33:43.820455
270,376,1298,2,26.25,2024-11-01T06:20:47.820455
271,390,1423,1,24.73,2025-02-18T19:22:18.820455
272,78,1869,1,13.84,2024-11-18T10:40:44.820455
273,478,1606,1,15.45,2024-10-04T01:22:33.820455
273,478,254,1,75.64,2024-10-04T01:22:33.820455
273,478,207,1,50.0,2024-10-04T01:22:33.820455
274,13,808,1,22.58,2025-01-31T18:55:48.820455
275,278,1207,1,18.89,2024-11-21T23:03:35.820455
276,326,169,1,27.21,2025-01-17T10:47:46.820455
276,326,322,2,53.31,2025-01-17T10:47:46.820455
276,326,1337,1,20.27,2025-01-17T10:47:46.820455
277,487,785,1,51.82,2024-12-13T22:38:40.820455
278,1,1435,2,28.97,2025-02-07T10:22:43.820455
279,193,718,1,37.35,2024-11-02T21:38:35.820455
279,193,714,1,45.57,2024-11-02T21:38:35.820455
279,193,1355,1,20.88,2024-11-02T21:38:35.820455
280,54,332,1,16.15,2024-12-16T17:55:04.820455
280,54,748,1,18.1,2024-12-16T17:55:04.820455
281,272,383,1,6.05,2024-10-15T19:07:06.820455
281,272,1432,1,63.6,2024-10-15T19:07:06.820455
282,215,1882,1,120.6,2024-10-11T04:21:40.820455
283,493,1126,1,13.24,2024-12-19T12:37:39.820455
284,498,1945,1,54.45,2024-10-23T15:37:50.820455
285,365,812,1,23.29,2024-11-04T20:38:06.820455
286,48,557,1,22.42,2024-12-23T12:02:43.820455
287,472,1267,1,30.3,2025-01-05T18:52:28.820455
288,460,1703,1,55.02,2025-03-11T05:22:14.820455
289,212,257,1,91.24,2024-12-11T00:00:32.820455
289,212,830,1,26.43,2024-12-11T00:00:32.820455
289,212,828,1,21.8,2024-12-11T00:00:32.820455
290,235,193,1,39.3,2024-10-07T13:32:17.820455
291,298,58,1,25.86,2025-01-14T13:55:36.820455
292,259,1424,1,16.92,2025-01-03T15:18:28.820455
293,327,79,1,35.64,2025-01-12T00:48:17.820455
294,39,1144,1,36.62,2024-11-27T07:59:49.820455
294,39,1293,1,32.96,2024-11-27T07:59:49.820455
295,291,210,1,722.12,2024-10-11T12:42:52.820455
295,291,609,1,7.98,2024-10-11T12:42:52.820455
296,223,903,1,33.89,2024-11-09T15:12:21.820455
297,122,1982,1,10.98,2024-10-14T21:03:59.820455
298,134,499,1,16.44,2024-10-08T21:54:57.820455
299,475,919,1,23.17,2024-11-11T00:45:14.820455
300,359,1535,1,22.81,2025-01-12T22:19:31.820455
301,163,1399,1,86.52,2024-10-28T02:55:52.820455
301,163,1566,1,26.44,2024-10-28T02:55:52.820455
301,163,1943,1,41.07,2024-10-28T02:55:52.820455
302,140,1153,1,19.86,2024-10-24T18:57:08.820455
303,39,1268,3,16.07,2024-10-07T17:49:38.820455
303,39,719,1,24.76,2024-10-07T17:49:38.820455
304,70,1632,1,16.83,2025-02-18T07:44:07.820455
305,56,1876,1,101.14,2024-11-05T16:06:18.820455
305,56,167,1,63.92,2024-11-05T16:06:18.820455
305,56,694,1,54.2,2024-11-05T16:06:18.820455
306,55,782,1,11.38,2024-11-26T16:25:53.820455
307,231,1957,1,6.0,2025-03-10T03:24:55.820455
307,231,627,1,15.0,2025-03-10T03:24:55.820455
308,161,1173,1,35.99,2024-11-03T01:14:51.820455
309,62,123,1,101.72,2024-10-18T05:57:33.820455
309,62,979,1,9.33,2024-10-18T05:57:33.820455
310,184,1336,1,25.29,2024-10-12T18:00:24.820455
311,232,1624,2,19.4,2025-01-08T21:40:19.820455
312,238,910,1,186.91,2024-12-24T20:05:44.820455
313,437,1313,1,100.7,2024-10-19T14:48:46.820455
314,47,744,1,33.81,2024-09-26T16:11:07.820455
315,414,1510,1,107.99,2024-09-27T21:31:23.820455
315,414,1405,2,73.47,2024-09-27T21:31:23.820455
315,414,1144,1,36.62,2024-09-27T21:31:23.820455
316,424,1466,1,53.03,2024-11-10T08:24:45.820455
317,21,603,1,66.4,2024-09-30T18:16:32.820455
318,428,408,1,29.55,2024-10-09T22:22:53.820455
318,428,1545,1,20.46,2024-10-09T22:22:53.820455
318,428,1864,1,8.18,2024-10-09T22:22:53.820455
319,76,1660,1,82.43,2024-11-12T13:46:04.820455
320,365,1042,1,22.94,2024-11-02T19:29:03.820455
320,365,462,1,34.06,2024-11-02T19:29:03.820455
321,496,94,1,25.48,2024-10-24T23:23:56.820455
322,203,716,1,80.05,2025-01-12T05:08:29.820455
323,26,766,1,18.87,2024-12-04T21:19:38.820455
323,26,894,1,84.39,2024-12-04T21:19:38.820455
324,134,1207,1,18.89,2024-12-17T16:46:38.820455
325,16,490,2,67.04,2024-09-27T01:10:13.820455
326,438,964,1,58.39,2025-01-08T02:54:39.820455
327,285,1279,1,38.61,2024-12-26T06:28:34.820455
327,285,1834,1,41.67,2024-12-26T06:28:34.820455
327,285,1041,1,127.38,2024-12-26T06:28:34.820455
328,128,522,2,51.15,2024-10-09T13:53:44.820455
329,237,1721,1,49.92,2024-10-02T14:09:26.820455
330,412,1505,1,28.9,2024-11-29T15:32:11.820455
330,412,713,2,21.41,2024-11-29T15:32:11.820455
330,412,878,1,39.61,2024-11-29T15:32:11.820455
331,63,803,1,35.76,2024-10-04T10:52:56.820455
331,63,1339,1,24.28,2024-10-04T10:52:56.820455
332,32,1231,2,21.2,2025-01-16T18:32:24.820455
333,67,1398,1,15.22,2024-11-05T17:39:38.820455
334,422,717,1,36.28,2024-11-07T01:01:54.820455
335,191,943,1,55.71,2025-02-26T09:23:43.820455
335,191,1068,1,83.82,2025-02-26T09:23:43.820455
335,191,1822,1,35.22,2025-02-26T09:23:43.820455
336,481,1373,1,11.05,2024-11-29T09:55:09.820455
337,44,1776,1,11.52,2024-10-01T07:38:55.820455
337,44,1057,1,32.45,2024-10-01T07:38:55.820455
338,301,1666,1,32.52,2025-01-23T19:52:13.820455
339,470,924,1,18.91,2024-11-08T13:10:37.820455
340,12,1841,1,29.88,2024-11-30T12:47:39.820455
341,102,1203,1,36.52,2024-09-29T09:57:59.820455
342,228,1838,1,36.12,2024-10-20T15:08:09.820455
343,48,1358,1,45.31,2024-10-19T22:31:05.820455
343,48,1700,1,38.23,2024-10-19T22:31:05.820455
344,63,785,1,51.82,2024-11-04T12:00:05.820455
344,63,1711,1,80.29,2024-11-04T12:00:05.820455
345,483,778,1,27.17,2024-12-06T03:13:52.820455
345,483,942,1,66.55,2024-12-06T03:13:52.820455
346,26,210,1,722.12,2024-10-31T16:33:47.820455
347,474,64,1,12.72,2025-02-24T07:20:29.820455
347,474,1754,1,7.66,2025-02-24T07:20:29.820455
348,222,1222,1,42.43,2024-12-23T00:49:42.820455
349,255,78,2,26.07,2025-02-27T11:31:13.820455
350,196,1338,1,26.0,2024-10-14T01:58:52.820455
351,89,213,1,71.04,2024-10-17T23:20:01.820455
352,110,826,1,105.92,2025-01-27T17:15:39.820455
352,110,1657,1,37.89,2025-01-27T17:15:39.820455
353,141,874,1,18.45,2024-11-14T20:38:10.820455
354,229,1188,1,27.67,2024-11-20T15:51:30.820455
355,18,1693,1,66.49,2024-10-04T08:48:21.820455
356,318,1596,1,14.76,2024-09-27T08:54:37.820455
357,126,1826,1,47.16,2024-12-07T10:00:49.820455
358,152,1251,1,43.15,2024-10-01T04:36:39.820455
359,211,35,1,63.95,2025-03-20T06:29:48.820455
360,246,474,1,98.84,2024-10-17T12:40:01.820455
361,45,1932,1,49.27,2025-03-15T20:37:59.820455
362,197,1300,1,42.84,2024-10-19T15:26:36.820455
363,215,1636,1,23.98,2024-10-02T17:42:32.820455
364,330,607,1,17.83,2025-01-17T05:35:28.820455
365,128,1738,1,14.09,2024-09-28T09:24:43.820455
366,411,36,1,12.47,2024-10-13T06:14:27.820455
367,407,792,1,39.1,2024-11-02T11:09:28.820455
368,196,876,1,139.16,2024-12-29T23:31:18.820455
369,246,392,1,49.08,2025-01-10T06:16:20.820455
370,401,1958,1,407.56,2025-01-24T04:05:36.820455
371,177,1738,1,14.09,2024-10-04T07:02:30.820455
372,258,1400,1,19.58,2024-10-07T22:09:22.820455
372,258,1965,1,51.65,2024-10-07T22:09:22.820455
373,199,622,1,48.29,2024-10-07T20:17:35.820455
374,93,1961,1,31.69,2024-12-06T11:23:45.820455
375,164,1162,1,207.01,2024-11-20T08:11:14.820455
376,113,1694,1,11.28,2024-12-10T11:30:49.820455
376,113,212,1,82.14,2024-12-10T11:30:49.820455
377,459,1713,1,5.82,2024-11-10T20:40:31.820455
378,30,1738,1,14.09,2024-12-01T03:37:13.820455
379,272,868,1,43.27,2024-11-13T23:27:38.820455
380,393,743,1,20.09,2024-10-19T07:42:33.820455
380,393,6,1,27.46,2024-10-19T07:42:33.820455
381,120,1050,1,99.89,2024-11-29T16:15:31.820455
381,120,840,1,27.91,2024-11-29T16:15:31.820455
382,52,931,1,21.24,2024-11-25T19:28:16.820455
382,52,873,1,10.99,2024-11-25T19:28:16.820455
383,337,583,1,54.94,2024-12-06T19:13:37.820455
383,337,1566,1,26.44,2024-12-06T19:13:37.820455
384,137,1227,1,34.3,2025-01-15T05:52:40.820455
384,137,1798,1,17.52,2025-01-15T05:52:40.820455
384,137,158,1,48.38,2025-01-15T05:52:40.820455
385,418,84,1,21.88,2024-11-07T12:28:57.820455
386,392,225,1,22.7,2024-09-29T18:26:07.820455
387,295,950,1,40.23,2024-11-21T00:35:20.820455
387,295,496,1,50.96,2024-11-21T00:35:20.820455
387,295,1367,2,32.4,2024-11-21T00:35:20.820455
388,182,214,1,55.76,2024-10-21T16:46:17.820455
389,91,147,2,12.31,2024-11-09T19:03:34.820455
390,304,1402,1,50.87,2024-10-26T22:01:30.820455
391,413,228,1,13.98,2024-11-06T23:30:35.820455
391,413,1425,1,14.36,2024-11-06T23:30:35.820455
391,413,1919,2,28.95,2024-11-06T23:30:35.820455
392,468,1751,1,5.0,2024-10-21T07:59:06.820455
393,15,808,1,22.58,2025-02-05T23:15:04.820455
394,486,43,1,30.19,2024-10-07T07:06:52.820455
395,289,1649,1,85.62,2024-10-05T15:37:14.820455
395,289,293,1,20.67,2024-10-05T15:37:14.820455
395,289,1936,1,9.95,2024-10-05T15:37:14.820455
396,289,711,1,39.21,2025-01-24T17:18:01.820455
397,429,1273,1,13.82,2024-10-26T04:22:06.820455
398,278,1226,1,29.85,2025-02-01T21:41:57.820455
399,90,909,1,55.5,2024-11-16T04:18:11.820455
399,90,1203,2,36.52,2024-11-16T04:18:11.820455
400,20,1420,1,49.71,2024-10-23T13:43:59.820455
400,20,1029,1,54.1,2024-10-23T13:43:59.820455
401,29,525,1,17.98,2024-10-04T18:54:59.820455
402,309,1443,2,38.28,2024-10-22T18:24:48.820455
403,11,164,1,17.17,2024-12-15T05:36:51.820455
403,11,1670,1,51.28,2024-12-15T05:36:51.820455
404,245,1131,1,42.82,2024-12-12T10:28:18.820455
405,170,689,1,58.48,2024-12-17T08:48:24.820455
406,104,5,2,27.46,2024-10-31T15:11:52.820455
407,175,992,1,6.47,2025-04-04T16:54:29.820455
408,471,450,1,14.19,2024-12-20T22:13:42.820455
409,31,1321,1,34.65,2024-10-31T11:14:41.820455
410,76,1326,1,6.82,2024-11-26T07:48:17.820455
411,361,788,1,47.82,2024-10-21T15:36:15.820455
411,361,33,1,32.76,2024-10-21T15:36:15.820455
411,361,593,1,48.58,2024-10-21T15:36:15.820455
412,397,1321,1,34.65,2025-09-16T14:29:07.820455
412,397,1817,1,5.92,2025-09-16T14:29:07.820455
412,397,1029,1,54.1,2025-09-16T14:29:07.820455
413,434,1003,1,34.73,2024-10-15T05:36:31.820455
414,441,733,1,45.91,2025-08-08T23:43:55.820455
415,492,1148,1,10.46,2024-10-05T13:05:15.820455
416,192,542,1,13.41,2025-01-31T00:51:00.820455
417,301,1764,1,9.19,2025-02-04T14:07:31.820455
418,173,59,1,43.16,2024-10-06T21:26:01.820455
418,173,1304,1,18.09,2024-10-06T21:26:01.820455
419,166,1600,2,18.5,2024-09-27T15:24:53.820455
419,166,1251,1,43.15,2024-09-27T15:24:53.820455
419,166,892,1,49.69,2024-09-27T15:24:53.820455
420,500,1128,1,18.11,2024-10-05T16:10:53.820455
421,375,1082,1,25.04,2024-10-13T02:21:10.820455
422,406,966,3,104.8,2024-11-23T09:43:18.820455
422,406,984,1,31.88,2024-11-23T09:43:18.820455
423,492,201,2,44.09,2024-10-27T04:11:07.820455
423,492,402,1,20.5,2024-10-27T04:11:07.820455
424,333,1059,1,51.16,2024-11-20T21:59:55.820455
424,333,616,1,36.72,2024-11-20T21:59:55.820455
425,90,1322,1,50.59,2024-11-30T06:54:28.820455
426,356,301,1,17.06,2024-12-23T08:47:29.820455
427,403,1879,2,8.61,2025-03-06T23:26:18.820455
427,403,570,1,25.0,2025-03-06T23:26:18.820455
428,115,1557,1,68.78,2024-10-02T07:53:23.820455
428,115,417,1,114.54,2024-10-02T07:53:23.820455
429,418,1018,1,22.49,2024-12-05T16:49:52.820455
429,418,235,1,184.04,2024-12-05T16:49:52.820455
430,194,17,1,14.73,2024-10-28T21:37:04.820455
431,376,1410,1,27.09,2025-02-20T21:10:11.820455
432,66,1407,2,10.62,2025-01-28T16:55:01.820455
433,374,137,1,17.7,2024-11-29T10:30:44.820455
434,486,1846,1,14.55,2024-12-17T07:18:11.820455
435,201,1193,1,20.47,2024-10-03T07:06:30.820455
436,17,1860,1,40.78,2025-02-27T17:04:34.820455
436,17,505,1,19.68,2025-02-27T17:04:34.820455
437,309,1121,1,80.19,2025-04-11T22:01:58.820455
437,309,1048,1,9.38,2025-04-11T22:01:58.820455
437,309,1529,1,22.4,2025-04-11T22:01:58.820455
438,472,1968,1,29.34,2024-10-11T08:42:23.820455
439,114,856,1,20.98,2024-10-07T09:44:08.820455
440,290,1724,1,54.18,2024-10-19T14:14:14.820455
441,480,1279,1,38.61,2024-10-07T04:30:44.820455
442,73,780,1,54.41,2024-11-19T22:30:15.820455
443,382,1372,1,130.24,2024-10-04T13:16:47.820455
443,382,1808,1,49.75,2024-10-04T13:16:47.820455
444,122,1508,1,71.11,2024-10-19T23:04:26.820455
445,164,1384,1,20.4,2024-11-10T16:33:34.820455
446,326,573,1,43.01,2024-11-02T13:40:38.820455
447,421,896,1,55.64,2024-12-09T09:42:57.820455
448,374,834,2,17.92,2024-11-05T22:40:16.820455
449,229,501,2,69.47,2024-10-16T10:51:42.820455
449,229,246,1,25.34,2024-10-16T10:51:42.820455
450,136,1334,1,109.13,2024-10-27T18:04:52.820455
450,136,1609,1,42.88,2024-10-27T18:04:52.820455
451,128,1586,3,57.66,2024-11-03T12:54:54.820455
452,180,1725,1,15.67,2025-02-26T19:47:29.820455
453,403,257,1,91.24,2024-10-16T14:22:49.820455
454,369,759,1,16.67,2025-04-16T10:29:36.820455
454,369,1364,1,15.2,2025-04-16T10:29:36.820455
455,25,1334,1,109.13,2024-10-02T00:29:54.820455
456,225,128,1,21.05,2025-03-22T01:43:33.820455
456,225,163,1,83.67,2025-03-22T01:43:33.820455
457,497,1395,1,24.72,2024-09-28T16:30:11.820455
458,453,1690,1,26.92,2024-10-28T01:31:15.820455
459,253,1561,1,32.55,2024-10-29T00:14:07.820455
460,180,376,1,17.92,2024-11-15T06:19:37.820455
460,180,1554,1,17.09,2024-11-15T06:19:37.820455
461,193,1965,1,51.65,2025-03-06T14:08:23.820455
462,425,1819,1,27.97,2025-01-12T03:54:16.820455
463,404,744,1,33.81,2024-10-20T07:29:35.820455
463,404,1090,1,28.3,2024-10-20T07:29:35.820455
463,404,545,1,5.0,2024-10-20T07:29:35.820455
464,334,204,1,76.94,2024-10-10T18:39:36.820455
464,334,1710,1,15.19,2024-10-10T18:39:36.820455
464,334,434,1,58.79,2024-10-10T18:39:36.820455
465,84,589,1,64.35,2024-10-17T02:52:40.820455
465,84,1688,1,38.9,2024-10-17T02:52:40.820455
466,38,1390,1,18.12,2024-11-17T11:39:48.820455
466,38,666,1,36.06,2024-11-17T11:39:48.820455
467,151,929,1,115.86,2024-11-03T11:10:40.820455
468,164,529,1,40.76,2024-10-17T19:57:15.820455
469,488,771,1,58.33,2025-01-11T14:15:35.820455
469,488,1010,1,21.58,2025-01-11T14:15:35.820455
470,38,946,1,14.07,2024-09-27T22:53:30.820455
471,88,687,2,27.32,2024-10-30T00:07:01.820455
471,88,1413,1,47.69,2024-10-30T00:07:01.820455
472,83,1902,1,25.35,2025-01-15T13:10:39.820455
472,83,1403,1,85.5,2025-01-15T13:10:39.820455
473,281,1881,1,71.66,2024-10-08T13:50:12.820455
474,174,714,1,45.57,2024-10-23T08:04:29.820455
475,315,916,1,41.4,2024-10-05T04:01:22.820455
475,315,122,1,16.0,2024-10-05T04:01:22.820455
476,361,1237,1,126.74,2025-03-01T11:34:31.820455
476,361,1134,1,47.6,2025-03-01T11:34:31.820455
476,361,1282,1,29.31,2025-03-01T11:34:31.820455
477,221,704,1,10.73,2024-12-10T10:14:42.820455
477,221,726,1,28.58,2024-12-10T10:14:42.820455
478,85,1701,1,43.84,2025-01-28T08:33:31.820455
478,85,48,1,77.15,2025-01-28T08:33:31.820455
478,85,794,1,11.92,2025-01-28T08:33:31.820455
479,456,1447,1,21.7,2024-10-12T02:15:20.820455
480,81,242,1,30.21,2024-09-28T12:23:48.820455
480,81,1329,1,12.58,2024-09-28T12:23:48.820455
481,52,1802,1,31.55,2024-10-08T22:30:06.820455
482,106,368,1,33.45,2025-01-25T17:21:50.820455
483,210,654,1,13.66,2024-10-22T06:37:17.820455
483,210,1616,1,426.02,2024-10-22T06:37:17.820455
483,210,1533,1,42.89,2024-10-22T06:37:17.820455
484,370,1705,1,45.96,2025-01-11T06:06:44.820455
485,136,1858,1,27.11,2024-11-08T20:41:48.820455
485,136,1210,1,134.24,2024-11-08T20:41:48.820455
486,153,1644,2,47.56,2025-04-02T19:05:44.820455
487,50,1027,1,34.14,2025-01-10T12:15:14.820455
487,50,496,1,50.96,2025-01-10T12:15:14.820455
488,202,1132,1,46.41,2024-09-30T07:15:52.820455
489,282,1693,1,66.49,2024-12-13T04:19:18.820455
489,282,439,1,8.48,2024-12-13T04:19:18.820455
490,79,1819,1,27.97,2025-02-13T12:25:53.820455
491,185,1336,2,25.29,2024-11-06T10:35:09.820455
492,219,87,1,68.88,2025-01-11T13:38:14.820455
493,151,1265,2,37.92,2024-11-15T09:12:20.820455
494,308,1663,1,6.06,2024-10-28T03:56:06.820455
495,103,643,2,26.91,2024-12-14T13:58:41.820455
496,14,1666,1,32.52,2024-10-21T17:58:54.820455
497,88,668,1,110.3,2024-10-22T09:40:57.820455
498,150,785,1,51.82,2024-10-08T13:25:48.820455
498,150,165,1,71.57,2024-10-08T13:25:48.820455
499,243,229,1,18.69,2024-10-22T14:39:08.820455
500,158,689,1,58.48,2024-12-03T00:55:05.820455
501,242,1819,1,27.97,2024-10-15T04:15:15.820455
502,459,282,1,56.24,2025-06-23T20:05:43.820455
503,47,1815,1,26.71,2024-12-18T09:48:59.820455
504,279,380,1,17.35,2025-05-08T00:33:22.820455
505,95,297,1,68.01,2024-09-28T23:57:19.820455
506,454,1979,1,17.84,2024-12-14T00:20:05.820455
507,190,194,1,12.22,2025-01-27T17:14:24.820455
508,229,257,1,91.24,2024-11-03T12:04:17.820455
509,135,144,1,38.39,2024-10-13T02:27:26.820455
510,239,280,1,24.33,2024-11-13T20:02:13.820455
511,116,129,1,35.86,2024-11-07T20:13:29.820455
512,289,74,1,115.78,2024-10-27T12:41:28.820455
513,78,1431,1,42.35,2024-10-11T13:58:04.820455
514,44,1855,1,73.73,2024-10-29T22:57:50.820455
515,414,1262,1,35.19,2024-10-17T06:09:37.820455
515,414,1425,1,14.36,2024-10-17T06:09:37.820455
516,212,1077,1,9.53,2025-07-07T07:55:05.820455
516,212,1088,1,40.09,2025-07-07T07:55:05.820455
517,117,38,1,6.91,2024-10-01T06:36:10.820455
518,32,1123,1,55.2,2024-10-28T00:32:27.820455
519,420,1181,1,38.24,2024-10-19T05:28:24.820455
519,420,346,1,39.87,2024-10-19T05:28:24.820455
520,215,383,1,6.05,2024-11-22T05:56:39.820455
521,352,1200,1,98.62,2024-10-28T03:44:05.820455
522,294,791,1,46.7,2024-10-13T19:01:35.820455
523,244,1914,1,49.44,2025-07-13T21:19:40.820455
524,41,1530,1,13.52,2024-10-24T00:49:16.820455
524,41,1347,1,5.0,2024-10-24T00:49:16.820455
524,41,453,1,15.05,2024-10-24T00:49:16.820455
525,463,1832,1,39.91,2025-01-05T11:42:40.820455
526,258,1791,1,7.39,2025-01-08T07:14:39.820455
527,462,807,1,39.56,2024-11-28T05:15:49.820455
528,410,629,3,34.63,2024-10-13T07:15:14.820455
528,410,582,1,23.75,2024-10-13T07:15:14.820455
529,347,1451,1,42.4,2024-10-07T09:01:49.820455
530,76,1547,1,14.9,2025-01-08T14:49:34.820455
531,487,910,1,186.91,2024-12-15T02:47:45.820455
532,89,119,1,82.62,2025-01-09T16:31:59.820455
533,498,1282,1,29.31,2024-10-28T18:09:41.820455
534,414,1722,1,26.91,2025-01-29T17:27:49.820455
535,65,283,1,117.78,2025-02-24T12:00:02.820455
535,65,1980,1,45.86,2025-02-24T12:00:02.820455
536,217,1348,1,69.93,2025-01-03T13:18:00.820455
537,350,983,1,15.28,2025-01-09T02:17:56.820455
537,350,565,1,86.57,2025-01-09T02:17:56.820455
538,104,1228,1,29.44,2025-06-15T09:17:00.820455
539,76,496,1,50.96,2025-04-27T08:06:43.820455
539,76,1908,1,13.44,2025-04-27T08:06:43.820455
540,133,1513,1,18.66,2024-10-06T22:05:19.820455
540,133,1257,1,126.22,2024-10-06T22:05:19.820455
540,133,965,1,30.82,2024-10-06T22:05:19.820455
541,467,364,1,45.67,2024-10-06T12:53:12.820455
541,467,799,1,33.87,2024-10-06T12:53:12.820455
542,45,1258,2,46.3,2024-10-07T00:34:37.820455
542,45,1648,1,72.86,2024-10-07T00:34:37.820455
543,285,1586,1,57.66,2024-09-29T00:54:51.820455
543,285,1163,1,10.9,2024-09-29T00:54:51.820455
544,283,1661,1,94.98,2024-10-23T22:19:15.820455
545,439,1372,1,130.24,2024-12-04T20:30:11.820455
546,267,1089,1,26.92,2025-01-29T03:07:40.820455
547,470,1756,2,99.38,2024-11-15T10:53:49.820455
548,403,68,1,73.91,2025-02-20T09:07:54.820455
548,403,1755,1,49.85,2025-02-20T09:07:54.820455
549,301,1005,1,57.89,2024-11-11T05:28:22.820455
550,401,140,2,12.37,2024-11-17T01:43:26.820455
551,58,1,1,49.27,2024-10-07T01:32:10.820455
551,58,338,1,25.61,2024-10-07T01:32:10.820455
552,77,558,1,23.43,2024-10-15T15:50:33.820455
553,291,189,1,16.82,2024-10-30T07:51:10.820455
554,299,153,1,19.22,2024-10-03T14:05:42.820455
555,474,730,1,17.77,2024-11-09T14:17:34.820455
555,474,1226,1,29.85,2024-11-09T14:17:34.820455
556,289,1717,2,43.19,2024-10-10T14:07:26.820455
557,403,1640,1,14.1,2024-10-13T20:51:47.820455
557,403,1152,1,5.91,2024-10-13T20:51:47.820455
558,445,1583,1,14.69,2024-10-23T05:56:55.820455
559,451,210,1,722.12,2024-10-03T22:58:00.820455
559,451,1261,1,51.76,2024-10-03T22:58:00.820455
560,450,1947,3,44.78,2024-11-21T01:24:25.820455
561,136,291,1,28.04,2024-11-19T00:23:35.820455
562,336,1399,1,86.52,2024-11-10T04:07:35.820455
562,336,1364,1,15.2,2024-11-10T04:07:35.820455
563,293,1031,1,26.95,2025-01-04T08:37:06.820455
563,293,1773,2,20.12,2025-01-04T08:37:06.820455
563,293,1679,1,73.6,2025-01-04T08:37:06.820455
564,243,399,1,30.22,2025-02-05T11:48:39.820455
564,243,1085,1,44.95,2025-02-05T11:48:39.820455
564,243,65,1,63.44,2025-02-05T11:48:39.820455
565,89,1993,1,85.72,2024-12-06T20:28:28.820455
565,89,1785,1,35.37,2024-12-06T20:28:28.820455
566,207,1383,1,186.02,2024-11-02T15:41:04.820455
566,207,928,1,44.78,2024-11-02T15:41:04.820455
567,317,294,1,65.35,2024-11-08T08:36:26.820455
567,317,990,1,33.84,2024-11-08T08:36:26.820455
568,349,1785,1,35.37,2024-10-04T01:04:23.820455
569,20,76,1,63.91,2024-11-29T00:51:26.820455
570,456,827,1,117.17,2025-01-29T22:30:58.820455
571,354,677,1,13.62,2024-10-22T19:05:48.820455
572,26,974,1,19.65,2025-06-02T03:44:56.820455
573,472,1542,1,136.7,2024-10-08T20:13:32.820455
573,472,167,1,63.92,2024-10-08T20:13:32.820455
574,460,1175,1,18.12,2025-05-09T00:00:25.820455
575,11,334,1,19.26,2024-10-20T22:44:53.820455
576,419,1560,1,26.66,2024-12-05T21:28:51.820455
577,160,356,1,14.85,2024-10-15T20:39:14.820455
578,432,1932,1,49.27,2024-11-01T04:20:46.820455
578,432,1776,1,11.52,2024-11-01T04:20:46.820455
579,440,862,1,9.85,2024-10-15T14:01:22.820455
580,498,1775,1,18.28,2024-11-09T18:44:47.820455
581,69,275,1,15.1,2024-10-15T21:23:13.820455
582,499,1117,1,226.5,2025-01-18T02:34:48.820455
583,397,1177,1,8.55,2024-10-22T22:07:45.820455
583,397,614,1,13.46,2024-10-22T22:07:45.820455
584,138,1824,1,19.69,2024-09-28T01:37:16.820455
585,310,297,2,68.01,2024-11-17T09:57:03.820455
586,46,870,1,165.37,2024-11-01T17:17:22.820455
587,227,599,1,23.21,2024-11-19T18:08:36.820455
588,468,1089,1,26.92,2025-02-13T01:16:17.820455
588,468,1580,1,17.32,2025-02-13T01:16:17.820455
589,380,759,1,16.67,2025-01-11T04:05:08.820455
590,389,1145,1,28.83,2024-10-20T05:15:07.820455
591,445,794,1,11.92,2024-10-30T00:03:38.820455
591,445,36,1,12.47,2024-10-30T00:03:38.820455
591,445,227,1,34.86,2024-10-30T00:03:38.820455
592,421,1818,1,18.63,2024-11-11T12:29:36.820455
593,264,615,1,234.3,2024-12-12T16:14:05.820455
594,34,942,1,66.55,2024-10-12T21:46:28.820455
594,34,1523,1,27.63,2024-10-12T21:46:28.820455
594,34,621,1,17.6,2024-10-12T21:46:28.820455
595,364,741,1,7.59,2024-10-12T04:53:55.820455
596,207,906,1,34.37,2024-11-07T15:23:08.820455
597,400,531,1,55.2,2025-04-15T05:32:08.820455
598,451,522,1,51.15,2024-10-20T07:09:06.820455
598,451,1688,1,38.9,2024-10-20T07:09:06.820455
599,15,1623,1,69.09,2024-11-06T16:46:21.820455
599,15,1400,1,19.58,2024-11-06T16:46:21.820455
600,99,41,1,59.79,2025-05-28T17:45:18.820455
600,99,1395,1,24.72,2025-05-28T17:45:18.820455
600,99,1470,1,47.26,2025-05-28T17:45:18.820455
601,429,1051,1,20.08,2024-10-23T12:32:42.820455
601,429,1444,2,11.73,2024-10-23T12:32:42.820455
602,128,1605,1,22.51,2025-06-30T11:39:03.820455
603,234,263,1,5.0,2025-02-27T12:17:15.820455
604,471,1437,1,27.14,2024-11-21T23:34:04.820455
604,471,509,1,34.43,2024-11-21T23:34:04.820455
605,361,1638,2,46.47,2024-10-20T17:41:46.820455
606,141,1767,1,188.06,2024-09-28T23:51:29.820455
607,422,1034,1,55.58,2024-10-29T03:20:55.820455
607,422,1468,1,45.41,2024-10-29T03:20:55.820455
608,259,1680,1,23.45,2024-10-03T00:53:57.820455
609,326,1599,1,33.67,2024-11-20T14:57:25.820455
610,349,1816,1,16.23,2024-11-01T11:33:34.820455
611,124,483,1,9.16,2025-03-22T00:00:28.820455
612,251,593,1,48.58,2024-10-22T08:04:31.820455
613,229,1141,1,26.1,2024-09-29T16:54:45.820455
613,229,260,1,61.54,2024-09-29T16:54:45.820455
614,492,1511,1,13.29,2024-10-10T03:43:33.820455
615,301,1458,1,44.92,2025-02-11T06:31:13.820455
616,180,367,1,39.62,2024-10-13T22:58:50.820455
617,84,1040,3,76.53,2025-01-11T19:51:52.820455
618,384,193,1,39.3,2024-11-06T13:44:16.820455
618,384,719,1,24.76,2024-11-06T13:44:16.820455
619,146,534,1,12.57,2024-09-29T11:26:46.820455
620,198,1289,2,13.7,2024-10-28T12:15:16.820455
621,84,972,1,19.2,2024-10-15T07:16:56.820455
622,400,375,1,185.41,2025-01-03T18:15:00.820455
623,439,581,1,43.41,2025-02-09T18:30:21.820455
624,332,344,1,22.07,2024-10-01T18:38:34.820455
624,332,1241,1,24.45,2024-10-01T18:38:34.820455
625,347,1917,1,17.63,2025-03-05T17:58:25.820455
626,138,595,1,75.95,2024-10-26T10:10:13.820455
627,210,1512,1,28.36,2024-10-27T05:08:05.820455
627,210,830,1,26.43,2024-10-27T05:08:05.820455
628,11,114,1,237.6,2024-10-12T10:46:15.820455
628,11,948,1,19.04,2024-10-12T10:46:15.820455
629,243,131,2,9.58,2024-10-19T15:15:51.820455
630,332,1152,1,5.91,2025-02-25T16:45:10.820455
631,308,138,1,25.59,2024-10-23T10:45:18.820455
632,115,1295,1,35.36,2024-09-28T19:38:10.820455
632,115,990,1,33.84,2024-09-28T19:38:10.820455
633,312,842,1,56.82,2025-01-10T21:34:06.820455
633,312,1681,1,45.74,2025-01-10T21:34:06.820455
633,312,608,1,12.23,2025-01-10T21:34:06.820455
634,365,1176,2,26.46,2024-12-01T09:50:54.820455
634,365,1034,1,55.58,2024-12-01T09:50:54.820455
634,365,1301,1,19.4,2024-12-01T09:50:54.820455
635,141,1220,1,184.22,2024-12-19T01:52:38.820455
636,459,42,1,37.98,2024-10-26T00:09:14.820455
637,437,1923,1,14.04,2024-12-19T23:08:35.820455
638,236,862,2,9.85,2024-11-19T19:37:18.820455
639,112,931,1,21.24,2024-11-14T03:26:20.820455
640,155,1488,1,8.1,2025-05-23T05:24:10.820455
640,155,294,1,65.35,2025-05-23T05:24:10.820455
641,423,558,1,23.43,2025-03-14T09:09:06.820455
642,204,401,1,9.25,2024-09-29T07:43:38.820455
643,53,847,1,41.73,2024-12-25T10:42:52.820455
643,53,509,1,34.43,2024-12-25T10:42:52.820455
643,53,1648,1,72.86,2024-12-25T10:42:52.820455
644,262,125,1,52.96,2024-10-21T00:04:20.820455
644,262,653,1,26.71,2024-10-21T00:04:20.820455
645,288,231,1,18.46,2024-11-23T10:00:57.820455
646,305,1685,1,12.89,2025-03-01T08:37:18.820455
647,145,745,1,50.11,2024-12-04T21:18:50.820455
648,351,1986,1,49.92,2024-10-10T14:22:58.820455
649,247,1837,1,13.26,2024-10-13T12:46:16.820455
649,247,562,1,174.22,2024-10-13T12:46:16.820455
650,173,244,1,66.19,2024-10-12T20:30:48.820455
651,328,180,1,291.82,2024-11-08T22:17:05.820455
651,328,728,1,43.73,2024-11-08T22:17:05.820455
652,442,1764,1,9.19,2024-12-30T20:31:40.820455
652,442,450,1,14.19,2024-12-30T20:31:40.820455
653,134,1847,1,91.16,2024-10-25T10:20:07.820455
654,365,307,1,92.03,2024-11-09T10:09:58.820455
654,365,150,1,42.0,2024-11-09T10:09:58.820455
655,153,730,1,17.77,2024-09-30T17:18:17.820455
656,77,1659,1,14.8,2024-10-27T05:16:51.820455
656,77,216,1,60.77,2024-10-27T05:16:51.820455
656,77,606,1,148.63,2024-10-27T05:16:51.820455
657,392,57,1,16.92,2024-11-03T19:11:45.820455
658,461,397,2,8.41,2024-10-03T12:30:50.820455
659,413,380,1,17.35,2024-10-20T08:17:36.820455
660,207,1533,1,42.89,2024-10-06T22:04:57.820455
661,349,1556,1,44.43,2024-10-12T15:32:29.820455
662,370,796,1,76.9,2025-01-08T11:22:25.820455
662,370,1820,1,15.03,2025-01-08T11:22:25.820455
663,336,929,1,115.86,2025-02-15T04:33:20.820455
664,152,218,1,27.4,2024-10-07T19:53:32.820455
665,465,536,1,34.4,2024-10-03T01:41:11.820455
665,465,136,1,114.43,2024-10-03T01:41:11.820455
666,208,324,1,176.6,2025-03-22T00:35:00.820455
667,378,1875,1,94.47,2024-09-27T11:43:58.820455
667,378,757,1,49.14,2024-09-27T11:43:58.820455
668,299,15,1,8.33,2024-11-03T07:16:27.820455
668,299,1867,1,75.64,2024-11-03T07:16:27.820455
668,299,126,1,191.02,2024-11-03T07:16:27.820455
669,418,1946,1,24.64,2024-12-14T17:21:41.820455
670,176,954,1,105.11,2024-10-14T18:32:34.820455
671,352,1515,1,31.0,2024-10-04T05:54:44.820455
672,327,287,1,29.33,2024-10-14T03:46:04.820455
673,465,183,1,14.06,2025-02-27T23:29:57.820455
674,260,1540,1,5.0,2024-11-20T21:22:36.820455
675,433,365,1,57.52,2024-10-02T16:38:09.820455
675,433,132,1,34.98,2024-10-02T16:38:09.820455
675,433,867,1,41.62,2024-10-02T16:38:09.820455
676,431,1563,1,5.0,2024-10-30T10:23:23.820455
677,449,366,1,24.02,2024-11-07T06:46:19.820455
678,93,714,1,45.57,2024-11-16T21:08:35.820455
679,50,1730,1,144.11,2024-12-05T03:35:15.820455
680,66,536,1,34.4,2025-04-19T19:51:51.820455
680,66,1120,1,76.75,2025-04-19T19:51:51.820455
681,372,158,1,48.38,2025-03-08T06:48:02.820455
681,372,582,1,23.75,2025-03-08T06:48:02.820455
682,391,646,1,26.62,2024-12-04T17:06:44.820455
683,485,177,3,33.46,2025-04-25T22:40:01.820455
684,336,965,1,30.82,2024-10-25T13:41:53.820455
685,114,795,1,13.95,2024-11-28T23:22:56.820455
686,115,1949,1,81.52,2024-10-10T21:37:39.820455
687,216,791,1,46.7,2024-10-02T22:30:35.820455
687,216,946,1,14.07,2024-10-02T22:30:35.820455
688,191,985,1,33.02,2024-11-05T19:56:01.820455
689,300,741,1,7.59,2025-05-04T21:09:10.820455
689,300,1924,1,40.1,2025-05-04T21:09:10.820455
690,238,343,1,40.28,2024-11-08T14:44:06.820455
690,238,569,1,7.41,2024-11-08T14:44:06.820455
691,241,1409,1,25.58,2024-10-12T12:24:04.820455
692,444,508,1,16.59,2024-11-12T09:32:40.820455
693,299,349,1,18.64,2024-11-22T07:34:31.820455
694,484,667,1,27.0,2024-10-19T09:02:39.820455
695,37,717,1,36.28,2024-10-23T03:38:23.820455
695,37,506,1,22.43,2024-10-23T03:38:23.820455
696,456,960,1,47.38,2025-07-26T17:31:48.820455
696,456,900,1,17.23,2025-07-26T17:31:48.820455
697,257,882,1,21.66,2025-03-12T14:48:33.820455
698,445,277,1,38.83,2024-11-08T00:20:35.820455
699,272,286,1,6.95,2024-10-02T21:18:35.820455
699,272,363,2,30.36,2024-10-02T21:18:35.820455
700,212,666,1,36.06,2024-11-23T12:24:55.820455
700,212,1898,1,118.98,2024-11-23T12:24:55.820455
701,446,962,1,95.9,2024-10-01T15:56:11.820455
702,71,403,2,33.25,2024-12-08T17:44:22.820455
702,71,880,1,85.69,2024-12-08T17:44:22.820455
702,71,1403,1,85.5,2024-12-08T17:44:22.820455
703,176,1562,2,18.21,2024-10-05T01:20:42.820455
704,292,1607,1,36.53,2025-01-14T03:06:23.820455
704,292,400,1,89.14,2025-01-14T03:06:23.820455
704,292,1658,1,95.02,2025-01-14T03:06:23.820455
705,74,9,1,22.75,2024-11-04T21:57:58.820455
706,442,1252,2,64.51,2024-09-27T17:00:48.820455
707,399,1098,1,6.7,2024-11-29T13:23:21.820455
708,250,1165,1,75.04,2024-10-12T22:33:27.820455
709,324,536,1,34.4,2024-10-08T16:53:05.820455
709,324,1285,1,17.66,2024-10-08T16:53:05.820455
710,161,1242,1,28.14,2024-12-15T09:32:54.820455
711,30,445,1,11.66,2024-12-24T10:37:06.820455
712,232,460,1,12.7,2024-11-17T20:24:20.820455
713,108,160,1,55.99,2025-01-18T16:35:08.820455
714,296,1972,1,5.0,2025-01-17T16:12:55.820455
714,296,1820,1,15.03,2025-01-17T16:12:55.820455
715,251,1304,1,18.09,2024-12-19T13:39:08.820455
716,67,546,1,17.5,2025-05-13T08:49:10.820455
717,223,69,1,44.23,2025-02-03T09:30:41.820455
717,223,46,2,18.62,2025-02-03T09:30:41.820455
718,220,849,1,19.88,2025-03-02T01:08:02.820455
718,220,134,1,48.37,2025-03-02T01:08:02.820455
719,220,1003,1,34.73,2024-10-30T03:49:42.820455
720,197,953,1,12.17,2024-12-13T10:37:00.820455
720,197,183,1,14.06,2024-12-13T10:37:00.820455
720,197,928,1,44.78,2024-12-13T10:37:00.820455
721,20,1557,1,68.78,2024-10-02T05:52:52.820455
722,103,874,1,18.45,2024-11-08T00:01:52.820455
723,487,367,1,39.62,2024-12-26T10:57:34.820455
724,457,260,1,61.54,2024-11-20T22:10:42.820455
725,388,388,1,148.55,2024-10-28T05:46:52.820455
725,388,1279,1,38.61,2024-10-28T05:46:52.820455
726,98,1341,1,37.65,2024-09-27T11:05:57.820455
726,98,1075,1,73.48,2024-09-27T11:05:57.820455
727,347,798,1,57.12,2024-10-08T10:35:49.820455
728,321,553,1,84.29,2025-01-06T19:30:22.820455
729,116,1093,1,59.27,2024-11-05T22:59:03.820455
729,116,1510,1,107.99,2024-11-05T22:59:03.820455
729,116,652,1,81.55,2024-11-05T22:59:03.820455
730,160,1163,1,10.9,2024-11-11T15:08:28.820455
731,53,1791,1,7.39,2025-01-25T00:24:41.820455
731,53,1810,2,67.76,2025-01-25T00:24:41.820455
732,258,755,1,15.49,2025-02-24T07:52:47.820455
732,258,213,1,71.04,2025-02-24T07:52:47.820455
733,157,499,1,16.44,2025-01-05T16:31:40.820455
734,34,366,1,24.02,2024-12-12T12:06:41.820455
734,34,1246,1,12.44,2024-12-12T12:06:41.820455
734,34,1901,1,57.83,2024-12-12T12:06:41.820455
735,153,1110,2,153.12,2025-02-19T21:02:08.820455
735,153,344,1,22.07,2025-02-19T21:02:08.820455
736,234,168,2,151.02,2024-12-04T05:23:24.820455
737,306,479,1,388.82,2024-12-04T05:31:46.820455
738,173,1283,1,58.35,2024-11-02T02:14:10.820455
739,455,1752,1,56.96,2024-11-08T15:19:05.820455
740,176,203,1,78.76,2024-11-13T04:17:37.820455
741,184,1987,1,59.15,2024-12-13T17:18:26.820455
742,85,606,1,148.63,2024-10-02T01:08:02.820455
743,10,517,1,49.44,2024-11-26T18:45:48.820455
743,10,1181,2,38.24,2024-11-26T18:45:48.820455
743,10,1538,1,21.62,2024-11-26T18:45:48.820455
744,115,550,1,20.43,2024-10-23T15:13:26.820455
745,109,1947,1,44.78,2024-10-15T11:14:41.820455
746,302,119,1,82.62,2024-10-30T04:49:12.820455
747,87,1564,1,67.17,2024-11-26T14:55:52.820455
747,87,46,1,18.62,2024-11-26T14:55:52.820455
748,188,1838,1,36.12,2024-12-10T10:07:56.820455
749,406,729,1,21.5,2024-09-26T11:48:26.820455
750,193,1743,1,35.02,2025-04-04T09:45:37.820455
751,131,518,1,15.15,2024-12-13T05:54:57.820455
752,320,1371,1,28.84,2025-01-18T12:12:57.820455
753,305,240,1,65.49,2024-12-28T12:11:35.820455
754,339,868,1,43.27,2024-11-03T14:22:59.820455
755,335,692,1,83.72,2025-01-01T11:09:56.820455
756,25,684,1,48.98,2024-10-26T14:39:45.820455
756,25,1523,1,27.63,2024-10-26T14:39:45.820455
757,214,512,1,31.81,2024-10-01T02:37:26.820455
758,195,428,1,57.33,2024-10-20T14:56:48.820455
759,281,169,1,27.21,2024-10-15T19:38:55.820455
760,243,1012,1,38.79,2024-12-14T16:01:19.820455
760,243,1964,1,55.49,2024-12-14T16:01:19.820455
760,243,33,1,32.76,2024-12-14T16:01:19.820455
761,106,32,1,145.74,2025-01-08T09:23:45.820455
762,5,952,1,43.89,2024-10-24T21:24:36.820455
762,5,583,2,54.94,2024-10-24T21:24:36.820455
763,216,913,1,40.43,2025-02-28T14:07:24.820455
764,340,1204,1,51.14,2024-11-14T05:23:26.820455
765,139,1492,1,256.35,2024-10-31T09:07:20.820455
765,139,240,1,65.49,2024-10-31T09:07:20.820455
766,311,1356,1,5.0,2024-11-25T15:26:27.820455
767,215,1382,1,22.41,2024-11-19T14:16:00.820455
768,262,1872,1,27.88,2024-10-12T08:56:11.820455
768,262,340,2,21.09,2024-10-12T08:56:11.820455
769,61,1032,2,8.72,2024-11-15T20:44:23.820455
770,59,1382,1,22.41,2024-11-21T14:18:57.820455
770,59,1539,1,12.99,2024-11-21T14:18:57.820455
770,59,111,1,7.13,2024-11-21T14:18:57.820455
771,255,1720,1,23.37,2025-01-15T17:40:46.820455
772,312,576,1,5.65,2024-11-04T17:43:10.820455
773,399,1855,1,73.73,2025-03-13T20:01:20.820455
774,426,1418,1,41.05,2024-12-28T05:29:38.820455
775,499,1221,1,12.81,2024-10-04T17:47:22.820455
776,184,411,1,58.52,2024-10-05T01:21:56.820455
777,152,942,1,66.55,2024-10-12T16:17:09.820455
778,21,431,2,12.85,2024-10-23T06:24:14.820455
779,255,1771,1,34.29,2025-02-04T18:00:31.820455
780,353,485,1,18.08,2024-10-08T03:56:50.820455
781,170,1884,1,20.62,2024-11-02T18:59:06.820455
781,170,1237,3,126.74,2024-11-02T18:59:06.820455
782,2,1581,1,38.88,2024-09-26T10:54:40.820455
782,2,1820,1,15.03,2024-09-26T10:54:40.820455
783,344,1650,1,262.87,2024-12-15T13:41:14.820455
784,465,1753,1,19.62,2024-11-15T14:28:03.820455
785,428,1473,1,29.75,2024-09-30T07:21:04.820455
786,343,1729,1,44.43,2024-10-13T04:26:12.820455
786,343,1065,1,24.78,2024-10-13T04:26:12.820455
787,77,1966,1,35.58,2024-12-13T13:43:36.820455
788,400,1980,1,45.86,2024-11-11T05:04:39.820455
789,39,1449,1,89.18,2024-12-08T14:08:05.820455
790,464,1585,1,46.67,2024-12-21T19:45:49.820455
790,464,220,1,35.36,2024-12-21T19:45:49.820455
791,330,730,1,17.77,2024-10-11T18:51:47.820455
791,330,837,1,114.48,2024-10-11T18:51:47.820455
792,234,747,1,38.45,2024-10-15T21:13:29.820455
792,234,687,1,27.32,2024-10-15T21:13:29.820455
793,136,93,1,18.88,2024-11-03T03:21:02.820455
793,136,1307,2,33.87,2024-11-03T03:21:02.820455
794,26,759,1,16.67,2024-11-06T14:04:51.820455
795,417,1360,1,38.35,2025-01-29T16:48:27.820455
796,448,398,1,97.82,2024-10-15T11:52:59.820455
796,448,1437,1,27.14,2024-10-15T11:52:59.820455
796,448,1180,1,13.7,2024-10-15T11:52:59.820455
797,437,1710,1,15.19,2024-10-16T21:01:34.820455
797,437,1621,2,36.26,2024-10-16T21:01:34.820455
797,437,1286,1,11.42,2024-10-16T21:01:34.820455
798,185,1487,3,10.65,2024-10-10T21:49:56.820455
799,219,848,1,236.1,2025-07-24T14:40:00.820455
799,219,915,2,30.68,2025-07-24T14:40:00.820455
800,49,319,1,42.92,2024-11-02T12:07:03.820455
800,49,215,1,25.73,2024-11-02T12:07:03.820455
801,5,1519,1,14.59,2024-10-11T15:29:08.820455
802,340,357,1,32.63,2024-10-05T10:00:38.820455
803,88,1590,1,35.48,2024-11-23T22:24:47.820455
803,88,1747,1,72.25,2024-11-23T22:24:47.820455
804,184,1832,1,39.91,2024-10-22T02:23:01.820455
805,490,1280,1,25.86,2024-10-20T09:05:10.820455
806,138,1879,1,8.61,2024-11-01T13:49:52.820455
807,191,395,1,85.08,2024-11-22T22:55:30.820455
808,94,901,1,44.48,2024-11-14T14:35:29.820455
808,94,933,1,10.4,2024-11-14T14:35:29.820455
809,206,1920,1,22.7,2024-11-24T01:01:10.820455
810,493,871,2,28.74,2025-01-08T03:04:08.820455
811,140,649,2,27.53,2024-10-11T00:29:25.820455
812,354,364,1,45.67,2024-10-09T03:51:33.820455
812,354,1610,1,27.06,2024-10-09T03:51:33.820455
813,410,454,1,49.56,2024-10-14T01:48:07.820455
814,333,203,1,78.76,2024-10-13T16:31:09.820455
814,333,209,1,50.0,2024-10-13T16:31:09.820455
814,333,1707,1,56.72,2024-10-13T16:31:09.820455
815,58,1853,1,12.74,2024-11-28T15:16:17.820455
816,357,1672,1,24.69,2024-10-10T12:34:55.820455
816,357,1368,1,15.7,2024-10-10T12:34:55.820455
817,483,30,1,26.22,2024-10-07T16:15:01.820455
818,54,1727,1,21.57,2024-10-26T01:35:38.820455
819,467,1212,1,19.02,2024-12-28T07:57:19.820455
820,248,618,1,59.18,2024-10-11T07:09:41.820455
821,348,1830,2,33.62,2024-10-19T02:23:59.820455
822,93,1134,1,47.6,2024-10-19T08:42:16.820455
822,93,83,1,108.02,2024-10-19T08:42:16.820455
822,93,94,1,25.48,2024-10-19T08:42:16.820455
823,195,1014,1,19.08,2024-11-11T23:30:11.820455
824,314,860,1,54.95,2024-11-07T11:29:46.820455
824,314,1496,1,164.82,2024-11-07T11:29:46.820455
825,442,39,2,11.44,2024-12-13T15:12:14.820455
825,442,754,1,76.93,2024-12-13T15:12:14.820455
826,248,11,2,22.86,2025-03-31T04:13:08.820455
827,58,284,1,12.3,2024-10-11T01:25:16.820455
828,226,842,2,56.82,2024-10-17T12:07:14.820455
828,226,1312,1,63.7,2024-10-17T12:07:14.820455
829,33,1065,1,24.78,2024-11-04T19:58:19.820455
830,336,776,1,9.43,2025-01-20T21:53:16.820455
831,7,1352,1,7.83,2024-10-05T05:33:17.820455
831,7,974,3,19.65,2024-10-05T05:33:17.820455
831,7,1463,1,28.02,2024-10-05T05:33:17.820455
832,393,1881,1,71.66,2024-11-03T07:26:31.820455
832,393,1803,1,18.79,2024-11-03T07:26:31.820455
833,371,417,1,114.54,2024-10-28T07:01:06.820455
834,115,1209,1,10.78,2024-10-26T22:45:50.820455
835,266,1407,1,10.62,2025-02-01T05:29:33.820455
835,266,1230,1,194.11,2025-02-01T05:29:33.820455
836,353,622,1,48.29,2024-09-28T08:57:22.820455
837,49,1919,1,28.95,2024-12-22T02:12:23.820455
838,339,232,1,39.38,2024-11-08T19:29:50.820455
839,247,1293,1,32.96,2024-11-20T23:02:07.820455
839,247,1655,1,43.41,2024-11-20T23:02:07.820455
840,340,704,1,10.73,2024-10-09T09:47:59.820455
840,340,1762,1,59.96,2024-10-09T09:47:59.820455
841,198,989,1,27.75,2024-10-11T15:51:33.820455
841,198,1881,1,71.66,2024-10-11T15:51:33.820455
842,430,374,1,71.34,2024-10-24T06:46:32.820455
842,430,1096,1,31.04,2024-10-24T06:46:32.820455
842,430,71,1,44.22,2024-10-24T06:46:32.820455
843,457,406,1,54.5,2025-01-06T08:45:44.820455
844,28,723,1,11.26,2024-09-29T10:52:15.820455
845,330,252,1,69.01,2024-10-03T16:09:37.820455
846,259,1563,1,5.0,2024-10-14T03:31:59.820455
846,259,363,1,30.36,2024-10-14T03:31:59.820455
846,259,1292,1,243.33,2024-10-14T03:31:59.820455
847,437,1459,1,92.93,2024-11-10T04:29:59.820455
848,446,1216,1,89.85,2024-10-05T16:28:08.820455
848,446,321,1,35.79,2024-10-05T16:28:08.820455
849,39,1896,1,24.63,2025-02-25T04:20:50.820455
850,165,433,1,26.69,2024-11-08T19:13:03.820455
851,170,464,1,39.3,2024-10-08T20:34:27.820455
851,170,180,3,291.82,2024-10-08T20:34:27.820455
851,170,646,1,26.62,2024-10-08T20:34:27.820455
852,26,1216,1,89.85,2024-12-07T04:54:13.820455
853,115,1542,2,136.7,2024-10-20T06:29:23.820455
854,330,642,1,125.87,2024-10-10T00:13:57.820455
855,207,35,1,63.95,2024-11-08T19:00:10.820455
856,41,489,1,127.7,2024-12-22T03:09:43.820455
857,228,579,1,10.15,2024-12-10T07:18:37.820455
858,230,403,1,33.25,2024-11-18T13:39:05.820455
859,439,1090,1,28.3,2024-10-26T04:35:42.820455
860,229,1641,1,33.76,2024-10-26T21:57:15.820455
861,61,757,1,49.14,2024-12-22T04:33:20.820455
861,61,127,1,14.99,2024-12-22T04:33:20.820455
861,61,1352,1,7.83,2024-12-22T04:33:20.820455
862,382,1291,2,45.19,2024-11-05T10:14:07.820455
862,382,1705,1,45.96,2024-11-05T10:14:07.820455
862,382,1734,2,25.98,2024-11-05T10:14:07.820455
863,10,121,1,62.35,2025-03-14T14:11:02.820455
864,207,441,1,45.03,2024-11-26T01:27:35.820455
865,19,404,2,34.38,2024-10-06T06:43:53.820455
865,19,1984,1,66.02,2024-10-06T06:43:53.820455
866,282,1396,1,38.39,2024-11-01T10:27:11.820455
867,423,86,1,22.17,2025-02-05T13:45:22.820455
868,406,622,3,48.29,2024-10-23T08:26:43.820455
868,406,341,1,17.15,2024-10-23T08:26:43.820455
869,494,774,1,72.1,2024-10-02T08:59:11.820455
870,327,1711,1,80.29,2024-10-10T21:32:13.820455
871,456,139,1,63.49,2025-01-14T04:57:17.820455
872,288,1803,1,18.79,2024-11-17T17:58:41.820455
873,336,421,1,172.19,2024-10-25T03:03:25.820455
874,487,900,1,17.23,2024-10-17T22:51:25.820455
874,487,1645,1,14.16,2024-10-17T22:51:25.820455
875,187,555,2,43.38,2025-05-04T12:25:22.820455
876,419,1222,1,42.43,2025-01-31T18:33:47.820455
877,433,15,1,8.33,2024-12-26T02:59:35.820455
877,433,1256,1,12.58,2024-12-26T02:59:35.820455
878,170,1347,1,5.0,2024-10-01T06:50:29.820455
879,393,1845,1,37.63,2024-11-01T09:00:41.820455
880,308,520,1,60.41,2025-03-11T03:40:23.820455
880,308,1615,2,28.66,2025-03-11T03:40:23.820455
880,308,361,1,50.17,2025-03-11T03:40:23.820455
881,367,107,1,149.75,2024-11-20T10:22:25.820455
882,187,1659,1,14.8,2025-03-29T02:55:23.820455
883,59,1787,1,25.86,2024-09-27T13:59:40.820455
884,389,1077,1,9.53,2024-10-05T10:26:13.820455
884,389,1698,1,19.26,2024-10-05T10:26:13.820455
885,114,1341,1,37.65,2024-11-14T10:31:36.820455
886,175,351,1,42.47,2024-10-01T23:22:37.820455
886,175,1561,1,32.55,2024-10-01T23:22:37.820455
887,425,58,1,25.86,2024-11-30T09:31:04.820455
888,494,1917,1,17.63,2024-10-06T21:04:39.820455
889,281,1466,1,53.03,2025-03-13T05:27:06.820455
889,281,44,1,26.03,2025-03-13T05:27:06.820455
890,192,131,1,9.58,2024-10-31T14:19:04.820455
891,24,705,1,9.53,2024-10-03T16:25:25.820455
891,24,1176,1,26.46,2024-10-03T16:25:25.820455
892,253,801,2,70.15,2025-01-08T15:33:37.820455
893,421,217,1,17.85,2024-11-03T01:20:45.820455
894,55,1749,1,38.54,2025-02-28T19:42:19.820455
894,55,456,1,17.56,2025-02-28T19:42:19.820455
895,313,1152,1,5.91,2024-12-05T17:34:48.820455
896,97,1210,1,134.24,2024-11-15T14:50:35.820455
897,477,1670,1,51.28,2024-09-30T00:45:06.820455
898,111,1086,1,46.71,2025-02-07T03:05:14.820455
899,423,1469,1,12.72,2024-10-14T17:23:08.820455
900,367,1547,1,14.9,2024-09-28T22:45:02.820455
901,56,1844,3,35.67,2024-10-24T01:32:14.820455
902,24,1717,1,43.19,2024-12-02T09:30:09.820455
903,429,1667,1,14.89,2024-10-14T07:53:05.820455
904,64,156,2,18.7,2024-10-04T02:50:57.820455
905,235,797,1,32.08,2024-11-13T10:25:14.820455
905,235,744,1,33.81,2024-11-13T10:25:14.820455
906,302,1077,1,9.53,2024-12-27T04:48:15.820455
907,69,1375,1,107.44,2024-10-08T04:36:31.820455
907,69,446,2,56.58,2024-10-08T04:36:31.820455
908,3,423,1,27.14,2025-02-23T05:45:24.820455
909,377,1433,1,65.92,2024-11-28T12:12:55.820455
909,377,1183,2,69.04,2024-11-28T12:12:55.820455
910,284,408,1,29.55,2024-10-29T02:12:18.820455
910,284,1352,1,7.83,2024-10-29T02:12:18.820455
910,284,649,1,27.53,2024-10-29T02:12:18.820455
911,430,1926,1,15.87,2024-11-05T07:45:01.820455
912,248,1052,1,45.45,2024-11-04T04:57:17.820455
913,400,1462,1,12.44,2024-12-26T16:53:55.820455
914,355,1639,1,172.43,2025-01-26T07:30:41.820455
914,355,662,1,21.38,2025-01-26T07:30:41.820455
914,355,375,1,185.41,2025-01-26T07:30:41.820455
915,89,1670,1,51.28,2024-10-07T15:07:16.820455
916,54,266,1,12.2,2024-10-04T00:33:07.820455
917,337,1426,1,6.87,2025-01-03T08:18:43.820455
918,311,1861,1,29.74,2024-09-28T22:09:53.820455
919,259,951,2,27.3,2024-11-01T00:27:07.820455
919,259,420,1,34.95,2024-11-01T00:27:07.820455
919,259,1852,1,137.04,2024-11-01T00:27:07.820455
920,215,1901,1,57.83,2024-11-15T08:37:11.820455
920,215,1859,1,41.72,2024-11-15T08:37:11.820455
921,469,1069,1,22.78,2024-10-07T19:29:06.820455
921,469,1284,1,71.19,2024-10-07T19:29:06.820455
922,141,383,1,6.05,2024-10-04T00:55:58.820455
923,494,1703,1,55.02,2024-11-28T22:55:48.820455
924,497,1665,1,93.47,2024-10-23T21:09:26.820455
925,232,1923,1,14.04,2024-09-29T15:18:10.820455
925,232,1077,1,9.53,2024-09-29T15:18:10.820455
925,232,1138,1,12.4,2024-09-29T15:18:10.820455
926,71,1721,1,49.92,2024-12-02T01:28:28.820455
927,309,901,1,44.48,2024-10-20T05:05:56.820455
928,154,1916,1,21.45,2025-04-13T06:23:31.820455
928,154,1806,1,9.32,2025-04-13T06:23:31.820455
929,441,1179,1,15.02,2024-11-23T21:52:33.820455
929,441,1068,1,83.82,2024-11-23T21:52:33.820455
930,365,249,1,135.96,2024-10-15T06:36:08.820455
930,365,406,1,54.5,2024-10-15T06:36:08.820455
931,324,47,1,22.91,2024-09-29T18:21:36.820455
931,324,513,2,27.35,2024-09-29T18:21:36.820455
931,324,1861,1,29.74,2024-09-29T18:21:36.820455
932,103,548,1,28.15,2024-10-13T18:04:56.820455
933,320,595,1,75.95,2024-11-06T21:01:35.820455
934,352,1327,1,15.62,2024-11-16T23:01:07.820455
934,352,542,1,13.41,2024-11-16T23:01:07.820455
935,472,1072,1,48.5,2024-11-24T15:16:38.820455
936,364,675,1,10.74,2024-11-16T10:06:57.820455
937,500,1602,1,99.47,2024-10-27T16:55:15.820455
938,258,1711,1,80.29,2025-01-21T06:11:54.820455
939,356,203,1,78.76,2025-01-06T09:38:05.820455
940,166,1898,1,118.98,2024-09-27T14:38:55.820455
940,166,1259,2,18.84,2024-09-27T14:38:55.820455
941,390,42,1,37.98,2024-12-24T23:16:17.820455
942,288,79,1,35.64,2024-10-24T03:56:12.820455
943,299,116,1,42.15,2024-10-16T07:13:23.820455
944,483,1702,1,48.98,2024-10-07T01:38:48.820455
945,346,206,1,15.64,2024-10-16T05:53:08.820455
946,147,467,2,54.13,2024-10-17T01:49:32.820455
947,414,1300,1,42.84,2025-02-07T10:54:42.820455
948,268,696,2,25.85,2025-01-23T14:19:24.820455
949,13,1900,1,26.14,2024-10-11T00:18:50.820455
949,13,924,1,18.91,2024-10-11T00:18:50.820455
950,75,1413,1,47.69,2024-11-19T12:22:44.820455
950,75,1110,1,153.12,2024-11-19T12:22:44.820455
951,344,245,1,12.68,2024-11-19T12:30:28.820455
952,103,1667,1,14.89,2024-11-25T20:10:02.820455
953,385,1369,1,23.23,2024-09-27T16:18:23.820455
954,147,673,1,25.17,2024-10-07T19:34:10.820455
955,75,1326,1,6.82,2024-10-22T12:42:19.820455
955,75,889,1,53.12,2024-10-22T12:42:19.820455
955,75,287,1,29.33,2024-10-22T12:42:19.820455
956,354,2,1,29.65,2024-10-03T21:11:33.820455
956,354,78,1,26.07,2024-10-03T21:11:33.820455
957,105,891,1,63.84,2024-11-22T06:09:01.820455
957,105,254,1,75.64,2024-11-22T06:09:01.820455
958,17,88,1,43.08,2024-10-26T23:30:22.820455
959,417,1643,1,31.07,2024-09-30T02:55:31.820455
959,417,398,2,97.82,2024-09-30T02:55:31.820455
960,53,248,1,19.64,2024-10-09T08:52:43.820455
960,53,661,1,20.93,2024-10-09T08:52:43.820455
960,53,574,1,27.79,2024-10-09T08:52:43.820455
961,445,692,1,83.72,2024-09-29T06:54:16.820455
962,443,1783,1,9.94,2025-04-12T18:36:49.820455
963,381,1165,1,75.04,2024-12-14T10:00:28.820455
964,288,1842,1,7.35,2024-10-01T00:36:21.820455
965,122,1851,1,19.75,2024-12-05T05:02:56.820455
966,402,1439,1,49.05,2024-09-29T20:55:10.820455
966,402,456,1,17.56,2024-09-29T20:55:10.820455
967,355,1982,2,10.98,2024-09-26T12:09:26.820455
968,475,1003,1,34.73,2024-10-10T00:20:23.820455
969,199,907,1,11.16,2025-01-20T01:36:49.820455
969,199,1589,2,17.08,2025-01-20T01:36:49.820455
970,490,832,1,15.88,2024-10-04T21:49:49.820455
971,495,640,1,11.75,2024-10-09T06:32:57.820455
971,495,347,1,10.4,2024-10-09T06:32:57.820455
972,28,540,2,20.87,2024-11-04T10:55:08.820455
972,28,5,1,27.46,2024-11-04T10:55:08.820455
972,28,1919,1,28.95,2024-11-04T10:55:08.820455
973,381,1637,1,15.42,2024-10-25T19:35:52.820455
974,104,683,1,21.77,2024-12-06T09:02:27.820455
975,445,994,1,19.19,2024-09-27T02:34:42.820455
976,425,738,1,72.69,2024-10-23T18:39:32.820455
977,467,524,1,52.27,2024-11-24T09:31:20.820455
978,361,1198,1,51.52,2024-11-13T10:01:35.820455
979,189,473,1,9.85,2024-10-26T07:52:09.820455
979,189,1231,1,21.2,2024-10-26T07:52:09.820455
980,280,1185,1,15.0,2025-01-31T08:24:56.820455
981,101,1726,1,78.95,2025-02-10T17:29:31.820455
982,151,324,1,176.6,2024-11-20T02:47:16.820455
983,91,1064,2,8.23,2025-01-27T13:09:29.820455
984,96,42,1,37.98,2024-10-18T16:46:28.820455
985,377,661,1,20.93,2024-11-01T05:09:19.820455
986,62,538,1,24.35,2025-02-26T00:10:49.820455
987,21,1699,1,49.96,2024-09-30T02:02:54.820455
988,143,699,1,69.35,2024-11-23T06:42:43.820455
989,136,989,1,27.75,2024-10-23T15:10:57.820455
989,136,1820,1,15.03,2024-10-23T15:10:57.820455
990,83,352,1,107.8,2025-04-16T07:42:33.820455
991,434,521,1,8.71,2024-10-12T19:43:54.820455
992,3,520,1,60.41,2024-12-26T22:28:56.820455
992,3,639,1,11.8,2024-12-26T22:28:56.820455
993,239,563,3,66.48,2024-12-06T16:04:59.820455
994,21,1462,1,12.44,2025-01-20T16:02:35.820455
995,476,257,1,91.24,2025-03-10T22:11:36.820455
996,306,1935,1,274.64,2024-11-01T12:17:54.820455
997,397,1700,1,38.23,2024-11-14T09:12:57.820455
998,316,1241,1,24.45,2024-10-09T21:24:41.820455
999,252,813,2,105.38,2025-01-29T07:17:50.820455
1000,282,410,1,49.98,2024-09-26T23:29:03.820455
1000,282,301,1,17.06,2024-09-26T23:29:03.820455
1001,38,637,1,63.98,2024-10-04T22:01:11.820455
1002,270,1445,1,45.59,2024-10-04T18:27:19.820455
1002,270,734,1,8.48,2024-10-04T18:27:19.820455
1003,490,738,1,72.69,2024-10-01T17:08:29.820455
1004,267,579,1,10.15,2025-01-25T12:55:45.820455
1005,403,934,1,5.7,2025-06-20T04:50:18.820455
1006,82,1731,1,27.69,2025-03-06T01:35:25.820455
1006,82,1220,1,184.22,2025-03-06T01:35:25.820455
1006,82,1726,1,78.95,2025-03-06T01:35:25.820455
1007,279,829,1,23.66,2024-12-02T05:59:59.820455
1008,207,1949,1,81.52,2024-09-27T13:47:40.820455
1008,207,56,1,69.76,2024-09-27T13:47:40.820455
1009,179,367,1,39.62,2024-10-25T18:30:01.820455
1010,453,1390,1,18.12,2025-03-27T18:12:53.820455
1011,340,1021,1,50.31,2025-01-03T22:31:49.820455
1011,340,1372,1,130.24,2025-01-03T22:31:49.820455
1012,170,1053,1,49.17,2025-08-07T23:34:59.820455
1013,151,1705,1,45.96,2024-12-26T18:24:01.820455
1014,487,1271,1,79.28,2024-10-22T08:57:28.820455
1015,272,1889,1,22.67,2025-05-30T03:44:09.820455
1016,288,532,1,8.77,2024-10-16T10:05:14.820455
1017,5,895,1,100.06,2024-10-05T14:37:25.820455
1018,343,1303,1,28.79,2024-10-17T23:02:40.820455
1019,229,699,2,69.35,2024-10-16T19:11:51.820455
1020,464,998,1,55.29,2024-10-06T09:49:51.820455
1021,315,948,1,19.04,2025-01-11T09:03:41.820455
1022,125,1476,1,55.62,2025-03-06T11:53:55.820455
1022,125,1335,1,37.3,2025-03-06T11:53:55.820455
1023,350,1068,1,83.82,2024-11-08T22:07:54.820455
1023,350,533,1,31.41,2024-11-08T22:07:54.820455
1024,196,1817,1,5.92,2025-01-18T14:34:29.820455
1025,198,1366,1,29.17,2024-12-01T19:47:20.820455
1025,198,1693,1,66.49,2024-12-01T19:47:20.820455
1026,277,1738,1,14.09,2024-10-01T20:44:39.820455
1026,277,1703,1,55.02,2024-10-01T20:44:39.820455
1026,277,1513,1,18.66,2024-10-01T20:44:39.820455
1027,13,355,1,32.62,2024-10-07T05:15:55.820455
1028,421,1389,1,33.97,2024-10-31T00:05:55.820455
1029,264,913,1,40.43,2024-10-09T04:58:09.820455
1030,229,1065,1,24.78,2024-10-08T04:10:15.820455
1031,23,396,1,22.75,2024-11-11T21:14:23.820455
1032,460,1568,1,50.04,2024-10-04T10:10:06.820455
1033,99,886,1,145.09,2024-10-19T22:06:33.820455
1034,264,184,1,48.71,2024-10-05T13:26:42.820455
1035,486,1598,2,171.74,2024-10-12T13:56:26.820455
1035,486,1214,1,67.76,2024-10-12T13:56:26.820455
1036,86,406,1,54.5,2024-10-06T06:02:02.820455
1037,274,870,1,165.37,2024-10-30T10:42:49.820455
1037,274,1712,1,30.08,2024-10-30T10:42:49.820455
1038,321,1972,1,5.0,2025-02-19T12:49:50.820455
1038,321,378,1,38.35,2025-02-19T12:49:50.820455
1039,108,1267,1,30.3,2024-11-15T09:22:00.820455
1040,397,1803,1,18.79,2024-11-15T18:12:30.820455
1041,443,1061,1,61.4,2024-11-02T01:53:30.820455
1041,443,922,1,14.57,2024-11-02T01:53:30.820455
1041,443,981,1,62.09,2024-11-02T01:53:30.820455
1042,428,1926,1,15.87,2024-12-08T14:13:50.820455
1042,428,799,1,33.87,2024-12-08T14:13:50.820455
1042,428,114,1,237.6,2024-12-08T14:13:50.820455
1043,106,1708,1,151.4,2024-12-13T06:01:33.820455
1044,425,774,1,72.1,2024-11-10T02:17:36.820455
1044,425,641,1,25.31,2024-11-10T02:17:36.820455
1044,425,589,1,64.35,2024-11-10T02:17:36.820455
1045,332,194,1,12.22,2024-10-04T13:04:21.820455
1046,383,1503,1,17.21,2025-05-05T16:02:41.820455
1047,13,773,1,54.92,2024-11-01T03:10:00.820455
1048,368,655,1,259.48,2024-10-18T22:31:27.820455
1049,20,282,1,56.24,2024-10-17T13:38:00.820455
1049,20,1398,1,15.22,2024-10-17T13:38:00.820455
1049,20,567,1,6.49,2024-10-17T13:38:00.820455
1050,38,958,1,47.72,2024-10-11T12:25:22.820455
1050,38,570,1,25.0,2024-10-11T12:25:22.820455
1051,92,488,1,13.94,2024-10-11T19:37:07.820455
1052,286,510,1,17.03,2024-12-19T13:00:41.820455
1053,295,435,1,110.15,2024-09-29T18:44:06.820455
1054,467,1574,3,11.19,2025-01-26T19:51:50.820455
1054,467,186,1,58.63,2025-01-26T19:51:50.820455
1054,467,655,1,259.48,2025-01-26T19:51:50.820455
1055,209,1322,1,50.59,2024-11-22T00:34:29.820455
1056,231,1212,1,19.02,2025-01-09T09:23:32.820455
1056,231,822,1,102.26,2025-01-09T09:23:32.820455
1057,208,1807,1,41.01,2024-11-07T02:12:46.820455
1058,162,1066,1,13.52,2024-10-13T11:03:42.820455
1059,200,50,1,8.08,2024-10-08T14:45:15.820455
1060,274,1034,1,55.58,2024-09-26T10:39:42.820455
1061,329,324,1,176.6,2024-12-01T08:57:37.820455
1062,33,1381,1,56.96,2025-01-09T07:46:05.820455
1063,24,1308,1,32.87,2024-10-15T13:05:23.820455
1064,184,144,1,38.39,2024-10-05T04:45:16.820455
1065,55,1130,1,43.08,2024-10-12T20:59:58.820455
1066,403,1286,1,11.42,2024-11-13T21:25:07.820455
1067,311,1377,1,19.39,2024-09-30T13:35:47.820455
1068,145,1189,2,51.42,2025-02-02T02:22:56.820455
1068,145,967,1,19.28,2025-02-02T02:22:56.820455
1069,196,936,1,22.16,2024-11-12T00:49:57.820455
1070,421,759,3,16.67,2024-10-13T11:34:08.820455
1071,243,1452,1,129.25,2024-11-11T16:08:18.820455
1072,274,473,1,9.85,2024-11-30T18:27:07.820455
1072,274,1817,1,5.92,2024-11-30T18:27:07.820455
1073,70,1946,1,24.64,2024-11-22T00:40:57.820455
1074,408,106,1,45.75,2024-10-16T06:18:58.820455
1075,152,542,1,13.41,2024-09-28T09:31:54.820455
1075,152,1233,1,30.86,2024-09-28T09:31:54.820455
1076,74,654,1,13.66,2024-12-14T21:17:55.820455
1077,347,1223,1,54.98,2024-11-30T10:02:15.820455
1078,192,1083,1,25.6,2024-10-09T10:51:10.820455
1079,284,476,1,27.13,2024-09-30T06:39:23.820455
1080,73,1576,1,32.18,2024-10-29T14:56:01.820455
1080,73,1661,1,94.98,2024-10-29T14:56:01.820455
1081,22,430,3,8.11,2024-12-30T10:37:48.820455
1082,294,368,1,33.45,2024-10-07T08:10:13.820455
1082,294,317,1,57.14,2024-10-07T08:10:13.820455
1083,202,1860,1,40.78,2024-10-22T06:00:14.820455
1084,281,1538,1,21.62,2024-12-04T13:32:46.820455
1085,157,844,1,44.97,2024-11-04T18:05:41.820455
1085,157,1602,1,99.47,2024-11-04T18:05:41.820455
1086,384,1858,1,27.11,2025-01-15T22:57:58.820455
1087,109,1449,1,89.18,2024-12-12T01:28:16.820455
1087,109,193,1,39.3,2024-12-12T01:28:16.820455
1088,464,1750,1,73.76,2024-12-16T09:57:52.820455
1089,436,633,1,29.18,2024-09-30T05:06:30.820455
1090,73,860,1,54.95,2024-10-31T16:18:25.820455
1091,95,388,1,148.55,2025-01-04T18:29:08.820455
1092,316,113,1,34.75,2024-10-01T19:38:56.820455
1093,100,79,1,35.64,2025-01-22T14:37:12.820455
1093,100,1996,1,77.95,2025-01-22T14:37:12.820455
1094,93,384,1,21.75,2024-10-26T07:06:05.820455
1095,437,266,1,12.2,2024-11-17T12:25:37.820455
1096,436,971,1,36.69,2025-05-05T06:25:48.820455
1096,436,1707,1,56.72,2025-05-05T06:25:48.820455
1097,237,784,1,53.97,2024-10-17T09:55:07.820455
1098,282,524,1,52.27,2024-11-05T13:06:36.820455
1099,149,1590,1,35.48,2025-02-23T12:53:58.820455
1100,129,891,1,63.84,2025-04-03T14:01:20.820455
1101,102,108,1,38.08,2025-03-03T07:35:08.820455
1101,102,1008,1,55.04,2025-03-03T07:35:08.820455
1101,102,982,1,46.54,2025-03-03T07:35:08.820455
1102,250,304,1,53.96,2025-01-15T22:29:34.820455
1103,183,1554,1,17.09,2024-10-29T15:06:54.820455
1104,344,1043,1,78.49,2024-10-07T10:18:43.820455
1105,121,1173,1,35.99,2024-09-29T14:05:22.820455
1105,121,542,1,13.41,2024-09-29T14:05:22.820455
1106,146,1836,2,44.22,2024-12-15T09:00:10.820455
1107,36,1566,2,26.44,2024-10-20T17:29:31.820455
1107,36,1108,1,14.26,2024-10-20T17:29:31.820455
1108,163,809,1,90.43,2024-12-14T04:08:11.820455
1109,231,610,1,109.6,2024-11-26T22:24:05.820455
1109,231,12,1,22.81,2024-11-26T22:24:05.820455
1110,316,1615,1,28.66,2025-01-04T21:34:34.820455
1110,316,726,1,28.58,2025-01-04T21:34:34.820455
1111,356,1313,1,100.7,2024-10-08T07:42:57.820455
1112,79,1259,1,18.84,2025-02-24T07:02:17.820455
1113,291,1490,1,90.93,2024-12-01T23:43:03.820455
1114,414,1683,1,16.07,2025-01-27T21:57:51.820455
1115,491,1399,1,86.52,2024-11-14T02:02:28.820455
1116,87,1485,1,39.64,2024-11-13T10:37:22.820455
1117,161,1694,1,11.28,2024-11-04T19:24:35.820455
1117,161,1668,1,22.11,2024-11-04T19:24:35.820455
1118,403,99,2,33.25,2024-10-09T18:30:44.820455
1119,365,821,1,21.89,2024-10-17T09:46:44.820455
1120,224,224,1,9.11,2024-11-06T20:31:13.820455
1120,224,177,1,33.46,2024-11-06T20:31:13.820455
1121,431,1316,2,11.59,2024-12-11T23:32:07.820455
1122,69,944,1,30.59,2024-10-31T22:31:07.820455
1122,69,853,1,19.89,2024-10-31T22:31:07.820455
1123,450,1037,1,12.42,2024-11-02T03:55:17.820455
1124,237,1796,1,18.15,2024-11-07T02:39:42.820455
1125,184,552,1,29.24,2024-10-15T21:34:07.820455
1125,184,1576,1,32.18,2024-10-15T21:34:07.820455
1126,250,835,1,32.21,2024-10-14T06:31:57.820455
1127,56,355,1,32.62,2024-11-01T16:50:47.820455
1128,331,1749,1,38.54,2024-11-12T08:32:00.820455
1129,42,200,1,13.27,2025-01-03T20:39:49.820455
1130,440,836,1,39.94,2024-11-08T15:32:39.820455
1131,457,250,1,45.79,2024-10-27T06:03:26.820455
1131,457,1440,1,59.61,2024-10-27T06:03:26.820455
1132,101,186,1,58.63,2025-02-27T20:01:51.820455
1133,376,1240,1,121.84,2024-12-13T09:15:41.820455
1134,40,1771,1,34.29,2024-10-17T13:11:31.820455
1135,457,135,1,15.87,2024-10-30T11:07:30.820455
1136,435,1555,1,27.63,2024-10-10T04:54:45.820455
1136,435,1290,1,5.92,2024-10-10T04:54:45.820455
1137,324,1931,1,12.38,2024-10-30T11:34:57.820455
1138,417,1341,1,37.65,2024-11-12T07:37:58.820455
1139,297,843,3,13.49,2024-11-12T01:11:50.820455
1140,394,1084,1,174.41,2025-03-12T07:55:46.820455
1141,109,1539,1,12.99,2024-11-25T11:46:53.820455
1142,283,1644,1,47.56,2024-10-03T19:56:08.820455
1143,279,548,1,28.15,2025-03-14T06:05:45.820455
1144,242,598,3,15.13,2024-11-07T10:15:18.820455
1144,242,1051,1,20.08,2024-11-07T10:15:18.820455
1145,397,646,2,26.62,2025-07-29T15:51:30.820455
1146,188,107,2,149.75,2024-12-14T00:44:14.820455
1147,115,1336,1,25.29,2024-10-08T07:54:49.820455
1148,376,1258,3,46.3,2024-10-18T21:02:30.820455
1149,69,1193,1,20.47,2025-01-12T03:21:58.820455
1150,257,1319,1,20.34,2025-03-04T05:01:49.820455
1150,257,730,1,17.77,2025-03-04T05:01:49.820455
1151,47,1048,1,9.38,2024-12-01T00:53:36.820455
1152,187,1053,1,49.17,2024-12-22T04:43:49.820455
1152,187,166,1,46.07,2024-12-22T04:43:49.820455
1153,6,1469,1,12.72,2025-01-21T19:08:39.820455
1154,435,1873,1,25.88,2024-11-14T08:48:11.820455
1155,351,783,1,44.89,2024-10-16T16:29:06.820455
1156,388,127,1,14.99,2025-01-14T05:09:57.820455
1157,72,1676,1,25.59,2024-12-29T02:41:36.820455
1157,72,669,1,5.0,2024-12-29T02:41:36.820455
1157,72,1319,1,20.34,2024-12-29T02:41:36.820455
1158,82,341,1,17.15,2025-03-06T16:58:09.820455
1159,290,1677,2,87.68,2024-10-02T07:02:51.820455
1160,338,1139,1,53.41,2024-11-29T15:46:11.820455
1161,377,1204,1,51.14,2024-10-17T04:03:02.820455
1162,481,399,1,30.22,2024-09-29T23:30:37.820455
1163,21,1300,1,42.84,2024-10-29T18:24:50.820455
1164,390,1138,1,12.4,2025-01-31T04:12:05.820455
1165,119,1617,1,42.06,2024-11-18T12:44:08.820455
1166,136,1091,1,31.27,2024-11-10T23:53:51.820455
1167,120,97,1,41.97,2024-10-25T12:00:19.820455
1168,343,1201,1,36.6,2024-09-26T17:58:31.820455
1169,266,1939,1,78.94,2024-12-31T23:35:58.820455
1170,199,819,1,35.37,2024-12-15T03:32:50.820455
1171,470,153,1,19.22,2024-11-12T03:00:00.820455
1172,452,773,1,54.92,2024-10-14T12:08:15.820455
1173,21,115,1,28.39,2024-10-11T10:03:32.820455
1174,166,655,1,259.48,2024-12-18T14:12:18.820455
1175,361,1289,1,13.7,2024-11-12T05:25:46.820455
1176,325,1496,1,164.82,2024-11-18T20:24:16.820455
1177,428,689,2,58.48,2024-10-11T20:02:02.820455
1178,297,1212,1,19.02,2025-08-10T06:15:58.820455
1179,292,683,1,21.77,2024-11-07T16:46:35.820455
1179,292,1892,1,33.29,2024-11-07T16:46:35.820455
1179,292,1231,1,21.2,2024-11-07T16:46:35.820455
1180,193,1817,1,5.92,2025-01-03T10:14:47.820455
1181,194,352,1,107.8,2025-04-12T23:44:49.820455
1182,301,192,1,65.7,2024-10-16T10:14:03.820455
1183,460,809,1,90.43,2024-10-29T13:16:51.820455
1183,460,1703,1,55.02,2024-10-29T13:16:51.820455
1183,460,997,1,139.51,2024-10-29T13:16:51.820455
1184,265,1926,1,15.87,2025-02-07T19:36:24.820455
1185,193,1618,1,18.15,2024-10-21T18:33:44.820455
1186,265,1695,1,36.64,2024-11-23T01:13:23.820455
1187,181,539,1,74.07,2024-11-01T23:00:33.820455
1188,250,1655,1,43.41,2024-10-12T04:00:00.820455
1189,455,919,1,23.17,2024-10-19T08:26:44.820455
1190,4,1824,1,19.69,2024-12-19T04:43:05.820455
1191,452,26,1,36.19,2024-12-17T15:30:23.820455
1192,226,1646,1,46.65,2024-12-12T16:28:35.820455
1193,118,994,1,19.19,2024-11-03T13:15:13.820455
1194,264,111,1,7.13,2024-10-16T09:52:30.820455
1194,264,1510,1,107.99,2024-10-16T09:52:30.820455
1194,264,540,1,20.87,2024-10-16T09:52:30.820455
1195,144,61,1,22.57,2024-12-24T18:08:52.820455
1196,77,412,2,13.47,2024-09-30T17:15:07.820455
1197,81,106,1,45.75,2025-08-08T23:38:06.820455
1198,309,1750,3,73.76,2024-10-02T14:45:18.820455
1199,339,1189,1,51.42,2024-10-08T18:50:00.820455
1200,213,1003,1,34.73,2025-01-08T22:28:12.820455
1200,213,1515,1,31.0,2025-01-08T22:28:12.820455
1201,369,868,1,43.27,2025-02-20T14:34:24.820455
1202,247,566,1,23.89,2024-10-03T03:52:48.820455
1202,247,859,1,21.29,2024-10-03T03:52:48.820455
1203,246,231,1,18.46,2024-11-17T18:07:06.820455
1204,303,341,1,17.15,2024-10-06T16:19:03.820455
1204,303,1669,1,64.88,2024-10-06T16:19:03.820455
1204,303,1019,1,25.63,2024-10-06T16:19:03.820455
1205,332,8,1,61.19,2024-10-27T01:24:26.820455
1206,12,1933,1,22.82,2024-11-23T19:19:07.820455
1206,12,1278,1,45.36,2024-11-23T19:19:07.820455
1207,23,1109,1,20.11,2024-10-04T15:06:11.820455
1207,23,156,1,18.7,2024-10-04T15:06:11.820455
1208,294,99,1,33.25,2025-02-12T08:00:49.820455
1209,83,1000,3,52.36,2025-02-14T15:21:07.820455
1210,323,1216,1,89.85,2025-02-09T05:06:42.820455
1211,21,482,1,15.42,2025-08-23T07:16:57.820455
1211,21,1446,1,19.67,2025-08-23T07:16:57.820455
1211,21,860,1,54.95,2025-08-23T07:16:57.820455
1212,76,671,1,89.74,2024-10-06T12:28:57.820455
1213,86,1789,1,42.75,2024-09-27T19:50:59.820455
1214,473,836,1,39.94,2024-10-14T17:00:06.820455
1214,473,66,2,98.0,2024-10-14T17:00:06.820455
1215,265,1099,2,68.93,2024-12-05T01:12:32.820455
1215,265,1110,1,153.12,2024-12-05T01:12:32.820455
1216,307,1445,1,45.59,2024-10-04T06:58:01.820455
1217,327,1241,1,24.45,2024-10-11T11:07:29.820455
1218,450,1480,1,23.34,2024-11-20T20:46:01.820455
1218,450,47,1,22.91,2024-11-20T20:46:01.820455
1218,450,939,1,40.25,2024-11-20T20:46:01.820455
1219,485,412,2,13.47,2024-12-20T13:34:08.820455
1219,485,1313,1,100.7,2024-12-20T13:34:08.820455
1220,111,401,1,9.25,2025-01-17T02:48:06.820455
1221,311,1614,1,31.12,2024-09-29T03:36:38.820455
1222,445,242,2,30.21,2024-11-11T03:59:02.820455
1223,88,1094,1,34.52,2024-10-17T18:26:01.820455
1224,426,1238,1,21.27,2024-11-04T01:24:09.820455
1225,308,62,1,28.54,2025-03-28T15:38:34.820455
1226,407,1798,1,17.52,2024-10-12T07:39:37.820455
1227,421,1183,1,69.04,2024-11-05T17:04:08.820455
1228,320,12,1,22.81,2024-10-25T05:02:41.820455
1229,136,32,1,145.74,2024-10-05T16:33:12.820455
1230,371,1948,1,32.35,2024-10-27T22:55:23.820455
1231,473,329,1,54.56,2024-11-02T02:57:26.820455
1232,306,24,1,10.59,2025-02-20T07:56:59.820455
1232,306,1438,1,119.81,2025-02-20T07:56:59.820455
1233,36,348,1,10.74,2025-01-25T18:48:51.820455
1233,36,1160,1,25.54,2025-01-25T18:48:51.820455
1234,194,1748,1,49.45,2024-10-28T00:28:52.820455
1235,68,1959,1,77.08,2024-09-28T14:23:59.820455
1235,68,605,3,46.1,2024-09-28T14:23:59.820455
1235,68,552,1,29.24,2024-09-28T14:23:59.820455
1236,9,1192,1,11.39,2024-10-15T17:48:51.820455
1237,268,1334,1,109.13,2024-12-02T04:48:36.820455
1238,351,1857,1,100.88,2024-11-17T01:43:52.820455
1239,424,862,1,9.85,2024-10-09T15:53:32.820455
1240,311,72,2,113.34,2025-01-31T13:57:11.820455
1241,91,1730,1,144.11,2024-12-30T03:46:22.820455
1242,462,47,1,22.91,2024-11-22T08:49:45.820455
1242,462,349,1,18.64,2024-11-22T08:49:45.820455
1243,308,716,1,80.05,2024-10-21T11:52:05.820455
1244,450,275,1,15.1,2024-12-01T05:47:44.820455
1245,258,1835,1,20.29,2024-11-15T14:43:32.820455
1246,48,3,1,55.6,2024-12-24T04:00:17.820455
1247,338,233,1,34.35,2024-10-05T15:11:31.820455
1248,462,204,1,76.94,2024-10-16T08:25:07.820455
1249,277,85,1,17.34,2024-09-26T10:29:26.820455
1249,277,1403,1,85.5,2024-09-26T10:29:26.820455
1249,277,1436,1,41.52,2024-09-26T10:29:26.820455
1250,460,1803,1,18.79,2024-10-02T10:05:05.820455
1251,221,882,1,21.66,2024-11-07T05:27:14.820455
1252,216,1661,1,94.98,2024-11-09T23:55:55.820455
1253,448,1894,1,30.34,2024-12-07T12:01:42.820455
1254,358,1559,1,109.31,2024-10-15T05:44:13.820455
1255,220,1624,1,19.4,2024-12-06T18:48:08.820455
1256,481,1175,1,18.12,2024-10-04T04:00:01.820455
1257,405,1587,1,38.14,2024-11-06T00:19:38.820455
1258,180,1489,2,9.77,2024-11-16T07:53:36.820455
1258,180,1395,1,24.72,2024-11-16T07:53:36.820455
1259,412,706,1,53.77,2024-10-02T07:25:22.820455
1260,51,661,1,20.93,2024-12-05T01:56:18.820455
1261,69,1094,1,34.52,2024-12-30T19:42:49.820455
1261,69,1337,1,20.27,2024-12-30T19:42:49.820455
1262,245,1919,1,28.95,2025-02-26T18:54:44.820455
1263,466,675,1,10.74,2024-10-19T13:29:55.820455
1264,146,251,1,12.08,2024-11-13T08:13:48.820455
1265,449,1612,1,9.48,2024-10-08T06:14:36.820455
1266,210,181,2,54.63,2024-11-22T19:50:00.820455
1267,97,742,1,11.9,2024-12-08T10:38:45.820455
1268,364,1668,2,22.11,2024-10-17T10:42:21.820455
1268,364,313,1,64.09,2024-10-17T10:42:21.820455
1268,364,90,1,49.93,2024-10-17T10:42:21.820455
1269,296,878,1,39.61,2024-10-28T05:28:19.820455
1270,61,1082,1,25.04,2024-11-22T05:22:15.820455
1270,61,1609,1,42.88,2024-11-22T05:22:15.820455
1270,61,1243,1,20.79,2024-11-22T05:22:15.820455
1271,4,107,1,149.75,2025-01-15T00:06:04.820455
1272,336,1647,1,28.51,2024-10-06T17:55:33.820455
1273,353,1317,1,14.12,2024-09-30T21:56:54.820455
1274,210,1967,1,28.28,2024-12-07T23:38:12.820455
1275,55,389,1,70.83,2024-10-17T16:04:56.820455
1276,219,103,1,25.17,2024-12-14T10:10:12.820455
1277,300,1941,1,42.37,2024-10-18T19:40:53.820455
1278,134,1527,1,149.56,2025-07-11T05:57:57.820455
1279,217,1903,1,84.65,2024-11-06T07:00:21.820455
1280,188,1041,1,127.38,2024-12-29T08:43:29.820455
1281,142,963,1,38.75,2024-10-16T00:55:04.820455
1282,387,194,1,12.22,2024-11-10T17:51:47.820455
1282,387,978,1,5.0,2024-11-10T17:51:47.820455
1283,212,1673,1,24.21,2024-12-19T06:32:54.820455
1284,402,1576,1,32.18,2024-10-05T06:44:49.820455
1285,248,1751,1,5.0,2024-09-29T16:57:14.820455
1285,248,82,1,44.07,2024-09-29T16:57:14.820455
1286,190,56,2,69.76,2024-11-25T06:48:10.820455
1287,285,382,1,20.5,2024-10-01T04:03:36.820455
1288,130,485,1,18.08,2024-09-28T21:36:42.820455
1288,130,1673,1,24.21,2024-09-28T21:36:42.820455
1289,296,1263,1,50.96,2024-11-07T22:59:04.820455
1290,397,775,1,54.46,2024-11-21T00:56:32.820455
1291,377,1328,1,29.51,2025-03-22T15:28:25.820455
1292,438,901,1,44.48,2024-12-23T14:46:57.820455
1293,383,650,1,57.8,2024-10-03T18:48:45.820455
1293,383,1716,1,30.8,2024-10-03T18:48:45.820455
1294,229,461,2,159.46,2025-01-15T16:20:15.820455
1295,52,1568,1,50.04,2024-10-21T18:15:18.820455
1296,261,652,1,81.55,2024-10-28T01:01:51.820455
1297,403,1647,1,28.51,2024-10-06T22:46:08.820455
1297,403,1799,1,78.32,2024-10-06T22:46:08.820455
1298,411,1214,1,67.76,2025-03-03T06:29:34.820455
1299,315,886,1,145.09,2024-10-11T12:20:31.820455
1300,83,1390,1,18.12,2024-10-07T00:36:49.820455
1301,494,13,1,40.19,2025-01-10T09:35:54.820455
1301,494,27,1,13.19,2025-01-10T09:35:54.820455
1302,3,1162,1,207.01,2024-11-13T13:45:48.820455
1303,422,150,1,42.0,2024-10-14T15:44:17.820455
1304,242,564,2,25.51,2025-02-22T08:18:04.820455
1304,242,1369,1,23.23,2025-02-22T08:18:04.820455
1304,242,602,1,15.84,2025-02-22T08:18:04.820455
1305,223,1642,1,102.49,2025-03-19T13:39:21.820455
1305,223,586,1,40.39,2025-03-19T13:39:21.820455
1305,223,1902,2,25.35,2025-03-19T13:39:21.820455
1306,33,664,1,21.44,2024-10-22T20:01:32.820455
1307,114,30,1,26.22,2024-10-18T23:56:55.820455
1308,41,1990,1,46.78,2024-11-28T08:37:15.820455
1308,41,547,1,52.54,2024-11-28T08:37:15.820455
1309,20,1666,1,32.52,2024-11-19T00:26:23.820455
1310,477,106,1,45.75,2025-05-22T01:02:02.820455
1310,477,1865,2,94.02,2025-05-22T01:02:02.820455
1311,315,1014,1,19.08,2025-03-10T10:20:15.820455
1312,267,1634,1,75.49,2024-10-06T20:52:37.820455
1312,267,1809,1,9.35,2024-10-06T20:52:37.820455
1313,365,388,2,148.55,2024-10-10T08:12:00.820455
1314,30,203,2,78.76,2024-09-26T16:49:42.820455
1315,328,1315,1,33.39,2024-10-01T04:26:46.820455
1316,225,269,2,23.29,2024-10-10T10:50:12.820455
1317,104,668,1,110.3,2025-01-01T10:21:48.820455
1317,104,953,1,12.17,2025-01-01T10:21:48.820455
1317,104,771,1,58.33,2025-01-01T10:21:48.820455
1318,477,1188,1,27.67,2025-01-11T05:18:44.820455
1319,147,1933,1,22.82,2024-10-12T17:32:14.820455
1320,18,82,1,44.07,2024-10-13T08:16:28.820455
1321,262,906,1,34.37,2024-09-28T05:13:37.820455
1322,358,72,1,113.34,2024-10-23T18:52:54.820455
1323,315,806,1,25.86,2025-03-31T16:37:03.820455
1324,346,568,1,14.78,2024-11-30T11:45:35.820455
1325,185,722,2,8.43,2024-09-26T19:09:28.820455
1326,336,1190,1,15.26,2024-12-07T10:27:26.820455
1326,336,1964,1,55.49,2024-12-07T10:27:26.820455
1326,336,49,2,43.59,2024-12-07T10:27:26.820455
1327,500,542,1,13.41,2024-10-31T16:10:45.820455
1328,45,1387,1,93.82,2024-10-10T20:29:36.820455
1328,45,1045,1,28.84,2024-10-10T20:29:36.820455
1329,400,752,1,11.23,2024-12-22T00:59:23.820455
1330,181,1770,1,51.48,2024-09-29T00:50:01.820455
1331,208,1892,1,33.29,2024-10-19T07:47:07.820455
1331,208,1884,1,20.62,2024-10-19T07:47:07.820455
1332,103,1750,1,73.76,2024-11-27T05:17:50.820455
1333,8,591,1,35.07,2024-10-28T12:56:42.820455
1334,471,1589,1,17.08,2024-10-04T13:43:47.820455
1334,471,454,2,49.56,2024-10-04T13:43:47.820455
1334,471,272,1,10.5,2024-10-04T13:43:47.820455
1335,282,1599,1,33.67,2024-11-04T20:48:18.820455
1336,372,114,1,237.6,2025-01-18T06:48:13.820455
1337,469,320,1,29.84,2024-12-24T07:40:15.820455
1338,179,1398,1,15.22,2024-10-21T23:05:53.820455
1339,494,1119,1,38.9,2025-02-27T20:30:51.820455
1340,116,1942,1,24.21,2025-01-04T08:31:26.820455
1340,116,353,1,65.77,2025-01-04T08:31:26.820455
1341,494,1878,1,28.01,2025-06-07T17:31:45.820455
1342,233,1438,1,119.81,2024-11-13T01:09:16.820455
1343,295,134,1,48.37,2025-06-05T10:36:58.820455
1344,134,70,1,19.76,2025-04-10T16:49:11.820455
1344,134,1860,1,40.78,2025-04-10T16:49:11.820455
1345,209,1352,1,7.83,2024-12-08T04:52:42.820455
1345,209,988,1,66.81,2024-12-08T04:52:42.820455
1346,55,1596,1,14.76,2024-12-26T06:47:09.820455
1347,38,698,1,12.17,2025-03-17T04:46:00.820455
1348,151,1087,1,75.51,2024-10-16T22:49:29.820455
1349,485,1767,1,188.06,2024-12-07T14:42:25.820455
1349,485,1466,1,53.03,2024-12-07T14:42:25.820455
1350,412,869,2,56.08,2024-10-09T05:08:06.820455
1350,412,1055,1,21.32,2024-10-09T05:08:06.820455
1351,490,1690,2,26.92,2024-10-27T19:49:45.820455
1352,449,1275,1,87.4,2025-02-16T06:01:53.820455
1352,449,1272,1,53.91,2025-02-16T06:01:53.820455
1353,417,348,1,10.74,2024-10-25T07:22:41.820455
1354,129,1971,1,53.24,2024-11-14T02:34:03.820455
1354,129,805,1,23.39,2024-11-14T02:34:03.820455
1354,129,1865,1,94.02,2024-11-14T02:34:03.820455
1355,495,327,1,83.64,2024-12-13T00:10:33.820455
1355,495,1757,1,29.67,2024-12-13T00:10:33.820455
1356,289,1843,1,21.35,2024-10-07T04:03:19.820455
1357,395,1620,3,82.99,2024-11-16T19:18:15.820455
1357,395,1767,1,188.06,2024-11-16T19:18:15.820455
1358,388,1075,1,73.48,2024-10-19T22:48:49.820455
1359,493,435,1,110.15,2024-10-18T03:09:11.820455
1360,349,120,1,60.43,2024-10-10T03:13:16.820455
1361,460,1782,1,30.99,2024-10-19T07:48:45.820455
1362,442,291,1,28.04,2024-12-18T11:26:33.820455
1363,247,1683,1,16.07,2024-10-06T14:40:48.820455
1364,133,137,1,17.7,2024-10-15T12:54:23.820455
1365,196,255,1,9.82,2025-01-20T09:31:04.820455
1365,196,1299,2,41.01,2025-01-20T09:31:04.820455
1366,404,1949,1,81.52,2024-12-04T18:28:14.820455
1367,347,1490,1,90.93,2024-11-10T18:49:06.820455
1368,410,1363,1,36.44,2024-12-05T21:56:32.820455
1369,212,250,1,45.79,2024-12-08T23:18:10.820455
1370,265,156,1,18.7,2024-10-09T05:56:57.820455
1371,5,8,1,61.19,2024-10-04T20:02:06.820455
1372,128,55,1,75.55,2024-11-17T20:54:24.820455
1372,128,626,2,22.0,2024-11-17T20:54:24.820455
1373,48,511,1,41.11,2024-10-29T00:58:17.820455
1373,48,129,1,35.86,2024-10-29T00:58:17.820455
1374,345,1196,1,47.11,2024-11-01T22:53:54.820455
1375,39,1996,1,77.95,2024-11-19T06:38:15.820455
1375,39,1462,1,12.44,2024-11-19T06:38:15.820455
1376,477,718,1,37.35,2024-10-26T16:56:43.820455
1377,244,1223,1,54.98,2024-10-04T21:52:28.820455
1378,182,865,1,20.28,2024-10-18T18:24:16.820455
1379,458,1477,1,30.06,2024-10-27T07:20:06.820455
1380,138,1105,1,80.36,2025-02-27T17:06:06.820455
1381,485,1654,1,24.96,2025-02-13T17:22:14.820455
1382,256,1939,1,78.94,2025-04-24T17:42:59.820455
1382,256,828,1,21.8,2025-04-24T17:42:59.820455
1383,121,42,1,37.98,2024-11-01T19:15:35.820455
1384,447,1822,1,35.22,2024-10-02T20:06:36.820455
1385,106,579,2,10.15,2024-09-26T18:47:31.820455
1386,104,381,1,16.92,2024-10-10T19:32:17.820455
1387,429,1982,1,10.98,2024-11-02T08:58:09.820455
1387,429,989,1,27.75,2024-11-02T08:58:09.820455
1388,183,1371,2,28.84,2024-11-24T16:07:35.820455
1389,399,1080,1,65.38,2024-11-29T14:19:52.820455
1390,62,1256,1,12.58,2024-09-26T13:18:16.820455
1390,62,8,1,61.19,2024-09-26T13:18:16.820455
1390,62,410,1,49.98,2024-09-26T13:18:16.820455
1391,347,1531,1,37.07,2024-09-27T04:23:03.820455
1392,315,216,1,60.77,2025-07-25T10:41:17.820455
1393,392,1694,1,11.28,2024-10-22T06:09:41.820455
1394,491,259,1,47.23,2024-09-26T11:59:08.820455
1395,435,1725,1,15.67,2024-10-14T04:00:23.820455
1396,191,1598,1,171.74,2024-11-10T09:02:41.820455
1397,162,1977,1,81.39,2024-12-03T04:22:21.820455
1397,162,475,1,123.47,2024-12-03T04:22:21.820455
1397,162,963,1,38.75,2024-12-03T04:22:21.820455
1398,460,1334,1,109.13,2024-10-23T07:21:52.820455
1399,445,511,1,41.11,2024-10-24T20:26:58.820455
1400,252,1054,1,40.79,2024-10-12T17:06:18.820455
1401,392,598,1,15.13,2024-10-28T05:03:24.820455
1401,392,785,1,51.82,2024-10-28T05:03:24.820455
1402,144,387,1,43.53,2024-10-05T00:55:59.820455
1402,144,218,1,27.4,2024-10-05T00:55:59.820455
1403,114,1015,1,132.79,2024-10-16T07:26:33.820455
1404,66,1396,1,38.39,2025-01-21T12:25:06.820455
1405,270,1021,1,50.31,2025-04-10T01:51:15.820455
1406,245,736,2,48.33,2025-05-17T06:08:08.820455
1407,17,1183,1,69.04,2024-10-20T04:44:29.820455
1408,178,1676,1,25.59,2024-09-30T00:46:54.820455
1409,441,1112,1,39.41,2024-09-27T16:48:40.820455
1410,235,1612,1,9.48,2024-12-12T14:49:45.820455
1411,358,1210,1,134.24,2024-11-05T05:18:51.820455
1412,236,625,1,118.46,2025-02-04T21:56:22.820455
1413,353,707,1,11.89,2024-12-24T10:45:12.820455
1414,7,1650,1,262.87,2024-10-12T18:07:12.820455
1415,195,790,1,8.77,2024-11-25T07:36:02.820455
1416,52,1131,1,42.82,2024-10-17T22:17:44.820455
1417,186,26,1,36.19,2025-01-01T08:45:27.820455
1418,442,618,1,59.18,2024-09-27T19:54:08.820455
1419,96,122,1,16.0,2024-09-30T06:25:10.820455
1420,135,373,1,105.73,2025-01-20T19:04:51.820455
1420,135,36,1,12.47,2025-01-20T19:04:51.820455
1421,138,276,1,47.93,2024-10-12T03:36:29.820455
1421,138,669,1,5.0,2024-10-12T03:36:29.820455
1421,138,623,1,149.25,2024-10-12T03:36:29.820455
1422,491,1206,1,34.21,2025-03-02T08:46:07.820455
1423,176,1097,1,35.27,2024-11-06T23:46:11.820455
1424,95,257,1,91.24,2024-10-16T04:36:23.820455
1424,95,1140,1,58.03,2024-10-16T04:36:23.820455
1425,218,159,1,12.77,2025-01-09T18:06:43.820455
1426,215,420,1,34.95,2024-12-29T00:00:08.820455
1427,187,1713,1,5.82,2024-11-14T01:01:55.820455
1428,144,520,1,60.41,2024-10-04T02:51:26.820455
1429,93,1820,1,15.03,2024-09-28T07:15:04.820455
1429,93,928,1,44.78,2024-09-28T07:15:04.820455
1430,68,1825,1,37.9,2024-10-30T07:24:52.820455
1430,68,717,1,36.28,2024-10-30T07:24:52.820455
1430,68,115,1,28.39,2024-10-30T07:24:52.820455
1431,352,950,1,40.23,2024-11-08T18:46:07.820455
1432,417,537,1,16.64,2024-10-01T14:04:59.820455
1433,370,1719,2,58.41,2024-11-02T20:16:31.820455
1434,412,636,1,8.81,2025-04-28T19:01:56.820455
1434,412,567,1,6.49,2025-04-28T19:01:56.820455
1435,285,1022,1,20.93,2024-10-31T02:11:00.820455
1436,439,181,1,54.63,2024-12-27T00:18:52.820455
1437,101,577,2,39.98,2024-11-12T15:45:25.820455
1438,410,258,1,18.8,2024-10-20T15:53:30.820455
1439,243,1116,1,44.34,2024-12-11T10:48:05.820455
1440,91,1219,1,16.97,2024-11-21T01:47:38.820455
1441,256,1734,1,25.98,2024-11-07T15:20:34.820455
1442,458,816,1,10.09,2024-10-21T09:24:29.820455
1442,458,1927,2,5.0,2024-10-21T09:24:29.820455
1442,458,1498,1,87.07,2024-10-21T09:24:29.820455
1443,265,1208,1,19.49,2024-12-13T05:53:19.820455
1444,369,1559,1,109.31,2024-11-04T21:56:32.820455
1445,403,40,1,38.76,2024-10-13T04:09:51.820455
1445,403,1287,1,7.62,2024-10-13T04:09:51.820455
1446,154,1859,2,41.72,2024-12-15T19:35:04.820455
1447,288,755,1,15.49,2024-12-11T07:07:16.820455
1448,25,230,1,57.04,2024-10-31T00:57:08.820455
1449,51,129,1,35.86,2024-11-10T16:23:38.820455
1449,51,1770,1,51.48,2024-11-10T16:23:38.820455
1450,31,806,1,25.86,2024-10-12T18:17:30.820455
1451,417,1922,1,60.24,2024-10-26T19:42:19.820455
1451,417,390,1,20.87,2024-10-26T19:42:19.820455
1452,244,720,1,31.64,2024-11-15T09:22:46.820455
1453,50,1822,1,35.22,2024-12-13T02:49:32.820455
1453,50,290,1,20.12,2024-12-13T02:49:32.820455
1453,50,227,1,34.86,2024-12-13T02:49:32.820455
1454,382,1902,1,25.35,2024-10-27T22:37:53.820455
1455,134,55,1,75.55,2024-10-29T23:35:21.820455
1455,134,1309,1,78.94,2024-10-29T23:35:21.820455
1456,185,1381,1,56.96,2024-10-20T06:50:55.820455
1457,286,1955,2,20.56,2025-01-18T19:49:48.820455
1458,177,1358,1,45.31,2024-10-28T11:10:08.820455
1459,211,1326,1,6.82,2024-10-05T14:51:39.820455
1460,180,1662,1,30.13,2025-02-24T08:29:43.820455
1460,180,1087,1,75.51,2025-02-24T08:29:43.820455
1460,180,1025,1,131.9,2025-02-24T08:29:43.820455
1461,102,1112,1,39.41,2024-10-29T07:26:58.820455
1462,295,156,1,18.7,2024-12-18T10:06:28.820455
1463,333,932,1,149.15,2025-01-06T06:03:03.820455
1464,90,1438,1,119.81,2024-10-29T20:48:33.820455
1464,90,519,1,35.85,2024-10-29T20:48:33.820455
1464,90,160,1,55.99,2024-10-29T20:48:33.820455
1465,182,320,1,29.84,2024-09-26T22:16:59.820455
1465,182,1329,1,12.58,2024-09-26T22:16:59.820455
1466,345,897,1,28.97,2024-10-08T05:01:53.820455
1467,250,1697,1,14.88,2024-10-05T02:43:09.820455
1467,250,432,1,6.48,2024-10-05T02:43:09.820455
1467,250,781,1,38.17,2024-10-05T02:43:09.820455
1468,456,338,1,25.61,2024-11-29T13:18:06.820455
1469,196,1715,1,21.58,2024-11-30T08:47:23.820455
1470,147,775,1,54.46,2024-11-21T03:19:53.820455
1471,324,1836,1,44.22,2024-10-06T15:43:14.820455
1472,445,1372,1,130.24,2024-09-26T16:32:53.820455
1473,328,678,1,134.53,2024-10-23T22:43:51.820455
1474,216,1838,1,36.12,2024-10-29T09:25:51.820455
1475,314,1902,1,25.35,2024-12-24T07:15:34.820455
1476,208,911,1,25.89,2024-10-10T13:02:40.820455
1476,208,531,2,55.2,2024-10-10T13:02:40.820455
1477,41,1579,1,18.4,2024-10-21T16:20:42.820455
1477,41,408,1,29.55,2024-10-21T16:20:42.820455
1478,176,198,1,37.45,2025-01-25T18:45:21.820455
1478,176,252,1,69.01,2025-01-25T18:45:21.820455
1479,161,598,1,15.13,2024-11-11T21:59:02.820455
1480,335,664,1,21.44,2024-10-05T21:03:17.820455
1481,364,1236,1,122.89,2024-10-24T20:11:07.820455
1482,310,1284,1,71.19,2024-11-22T09:55:03.820455
1483,203,66,1,98.0,2025-01-04T20:19:22.820455
1484,455,883,1,22.39,2024-10-03T02:38:42.820455
1485,400,991,1,39.12,2025-01-19T23:40:09.820455
1486,383,1853,1,12.74,2024-10-20T07:48:57.820455
1486,383,687,1,27.32,2024-10-20T07:48:57.820455
1487,267,1455,1,52.06,2024-12-28T02:50:29.820455
1488,212,1818,1,18.63,2024-12-10T16:32:19.820455
1488,212,757,1,49.14,2024-12-10T16:32:19.820455
1489,95,1601,1,28.61,2025-01-25T11:17:16.820455
1490,65,1451,1,42.4,2025-02-19T18:59:22.820455
1491,339,587,1,22.93,2024-10-27T19:36:32.820455
1492,482,1871,1,13.67,2024-12-23T13:21:43.820455
1493,108,1938,1,48.14,2024-10-07T16:31:26.820455
1494,204,1825,1,37.9,2024-11-14T14:11:50.820455
1495,49,586,1,40.39,2024-12-20T12:46:10.820455
1495,49,977,1,23.06,2024-12-20T12:46:10.820455
1496,480,653,1,26.71,2024-12-17T03:40:30.820455
1496,480,1201,1,36.6,2024-12-17T03:40:30.820455
1497,281,423,1,27.14,2024-11-24T12:24:24.820455
1497,281,1806,1,9.32,2024-11-24T12:24:24.820455
1497,281,1915,1,7.84,2024-11-24T12:24:24.820455
1498,14,1919,1,28.95,2024-10-29T00:54:06.820455
1499,269,1117,1,226.5,2024-11-11T13:28:40.820455
1499,269,1690,2,26.92,2024-11-11T13:28:40.820455
1500,54,393,1,11.52,2025-05-31T20:00:09.820455
1500,54,653,1,26.71,2025-05-31T20:00:09.820455
1500,54,57,1,16.92,2025-05-31T20:00:09.820455
1501,317,657,1,33.49,2024-10-12T16:06:01.820455
1502,44,1121,1,80.19,2024-10-21T10:17:19.820455
1503,477,1171,2,60.77,2024-10-06T00:38:26.820455
1504,159,1191,1,36.03,2024-10-29T18:47:51.820455
1505,127,1175,1,18.12,2024-10-20T20:47:36.820455
1506,227,1637,1,15.42,2024-12-18T09:15:23.820455
1506,227,1200,1,98.62,2024-12-18T09:15:23.820455
1507,65,819,1,35.37,2024-10-01T15:13:35.820455
1508,270,1245,2,19.7,2024-10-27T16:39:30.820455
1509,15,126,1,191.02,2024-11-25T11:43:36.820455
1510,340,1714,1,65.23,2024-10-19T23:26:20.820455
1510,340,242,1,30.21,2024-10-19T23:26:20.820455
1511,441,1765,1,27.2,2024-12-20T22:17:13.820455
1512,443,1871,1,13.67,2025-02-19T03:46:59.820455
1513,240,1789,2,42.75,2024-09-29T06:07:44.820455
1514,479,405,1,23.1,2024-09-27T20:21:54.820455
1515,281,230,1,57.04,2024-10-28T02:38:35.820455
1516,70,598,1,15.13,2024-10-31T06:04:54.820455
1517,91,69,1,44.23,2025-01-27T07:57:30.820455
1518,306,360,1,17.09,2025-06-27T03:04:09.820455
1518,306,1363,2,36.44,2025-06-27T03:04:09.820455
1518,306,1333,1,27.92,2025-06-27T03:04:09.820455
1519,324,1088,1,40.09,2025-01-27T09:35:51.820455
1519,324,434,1,58.79,2025-01-27T09:35:51.820455
1520,450,1161,1,5.0,2024-10-19T06:58:51.820455
1520,450,372,2,49.32,2024-10-19T06:58:51.820455
1520,450,1558,1,17.42,2024-10-19T06:58:51.820455
1521,223,1446,1,19.67,2024-09-30T05:30:19.820455
1521,223,1281,1,36.85,2024-09-30T05:30:19.820455
1522,328,37,1,39.14,2024-11-30T09:43:53.820455
1523,274,250,1,45.79,2024-11-12T21:43:16.820455
1524,466,1815,1,26.71,2025-02-09T23:05:13.820455
1525,247,1,1,49.27,2024-12-03T06:05:44.820455
1526,117,477,1,52.52,2024-10-25T13:42:27.820455
1527,227,823,1,208.33,2024-10-29T21:39:21.820455
1527,227,1522,1,52.76,2024-10-29T21:39:21.820455
1527,227,1314,1,51.74,2024-10-29T21:39:21.820455
1528,188,352,1,107.8,2024-11-20T01:27:17.820455
1529,134,412,1,13.47,2024-10-11T16:06:59.820455
1530,156,1032,1,8.72,2024-11-12T10:49:52.820455
1531,1,1201,1,36.6,2024-10-17T05:30:01.820455
1532,418,747,1,38.45,2024-10-02T15:24:34.820455
1533,177,88,1,43.08,2024-10-08T20:53:15.820455
1533,177,498,1,28.44,2024-10-08T20:53:15.820455
1534,241,1183,1,69.04,2024-10-10T05:55:45.820455
1535,5,84,1,21.88,2024-10-09T04:21:27.820455
1536,485,799,1,33.87,2024-10-15T03:48:59.820455
1537,154,1912,1,197.36,2025-07-27T10:46:46.820455
1538,393,262,1,31.58,2024-11-05T02:07:07.820455
1539,409,598,1,15.13,2024-10-03T21:06:42.820455
1540,306,256,1,22.48,2024-12-01T18:51:54.820455
1540,306,1151,1,14.98,2024-12-01T18:51:54.820455
1541,408,1987,1,59.15,2024-10-30T10:42:35.820455
1542,281,1226,1,29.85,2024-10-10T00:03:03.820455
1543,97,319,1,42.92,2024-11-05T01:26:16.820455
1544,452,1877,1,21.12,2024-10-07T06:51:21.820455
